2924 4994
558 333 789 397 -513-

59 490 273 571 gefunden.
324 501 399 565 Von
427 501 544 566 Livius
572 500 614 564 ab
644 502 688 564 ist
720 523 753 564 er
782 499 873 565 nieht
901 500 1019 584 selten,
1049 503 1155 587 wenig
1188 504 1241 568 be·
1332 520 1334 522 ’

59 598 213 665 rnen-kt
231 603 285 666 bei

114 729 124 741 ·
191 702 349 768 Caesar:
374 705 406 769 b.
430 727 460 788 g.
484 704 516 787 2,
540 704 561 767 5
589 726 745 790 quaeres
773 745 806 751 --
832 717 907 791 post
930 728 1001 769 eum
1026 728 1109 792 quae
1132 715 1242 771 essent

57 803 207 876 (nwas
235 816 318 871 etwa
346 805 454 870 hintcr
482 807 548 870 ihm
578 809 679 888 wsr“)
711 816 781 870 tuta
809 806 852 870 ab
879 808 1028 872 hostibus
1052 807 1242 871 reddebant.

55 897 91 979 2,
124 903 196 971 27
216 917 252 972 ut
273 909 394 990 nostri,
419 909 514 971 etiarn
540 910 595 994 qni
619 906 808 971 vulneribus
832 908 970 972 confecti
994 908 1245 994 procubuissent

57 1000 220 1082 l‚‚auch
249 1030 342 1072 wenn
371 1009 455 1092 sie“)
480 1047 516 1055 —
542 1008 701 1093 proelium
730 1008 998 1094 redintegrarent.
1046 1010 1172 1074 Fri‘rher
1194 1009 1242 1074 las

60 1123 192 1173 man:
219 1111 256 1191 4,
282 1113 297 1173 1
320 1109 455 1196 reliqui,
485 1111 541 1196 qui
564 1110 649 1175 domi
673 1111 853 1174 manserint
876 1111 980 1197 (jetzt
1000 1110 1095 1174 aber:
1120 1133 1243 1175 manse·

60 1211 191 1294 runt)
218 1234 252 1274 se
279 1222 378 1298 atque
407 1212 480 1278 illos
510 1212 609 1278 alunt.
655 1212 756 1276 Nioht
784 1213 888 1276 sicher
910 1216 954 1277 ist
977 1211 1030 1276 die
1054 1211 1243 1296 Erklbrung

63 1324 144 1371 1011
186 1313 218 1394 6,
244 1314 294 1395 17,
317 1314 337 1378 3
361 1336 443 1399 quae
467 1314 552 1378 bello
577 1315 732 1400 ceperint.
778 1312 909 1378 Sodann
939 1316 981 1378 ist
1000 1316 1086 1400 jetzt
1109 1314 1167 1377 der
1189 1313 1242 1377 ln-

67 1403 223 1479 dicativ
247 1408 438 1501 hergestellt
451 1418 484 1478 in
501 1438 550 1500 cp.
570 1419 618 1492 13,
642 1416 671 1479 2.
698 1417 749 1494 20,
773 1418 802 1479 3.
834 1416 884 1496 22,
907 1415 938 1479 2.
968 1415 1020 1491 23,
1037 1416 1066 1479 9.
1096 1417 1125 1496 (i,
1143 1416 1196 1496 28,
1216 1420 1242 1480 1.

69 1504 166 1576 Und
205 1517 305 1582 sehon
334 1517 446 1582 sriiher
474 1515 570 1581 stand
598 1517 706 1581 dieser
728 1518 844 1581 Modus
875 1517 938 1581 fest
967 1518 999 1578 in
1029 1540 1077 1602 cp.
1101 1517 1141 1580 23
1165 1539 1240 1579 6611-

71 1628 237 1699 surgunt
265 1619 304 1701 ii,
333 1620 389 1705 qui
417 1630 450 1683 et
477 1641 610 1682 causam
634 1630 666 1683 et
688 1621 849 1683 hominem
874 1619 1025 1704 probant.
1070 1618 1162 1682 Ibid:
1186 1621 1242 1705 qui

73 1727 121 1773 ΘΧ
147 1715 214 1784 his
237 1721 340 1783 secuti
364 1743 428 1783 non
451 1731 543 1800 sunt,
566 1724 600 1784 in
623 1721 825 1785 desertorum
852 1758 884 1766 —
912 1742 1044 1785 numero
1068 1720 1241 1785 ducuntur.

74 1809 134 1874 Ob
164 1817 244 1886 hier
272 1820 350 1885 aber
377 1821 502 1886 iiberall
526 1823 644 1906 riehtig
673 1824 805 1907 gelesen
830 1821 924 1904 wird,
946 1823 989 1886 ist
1012 1822 1163 1906 fraglich.
1211 1824 1241 1886 b.

75 1929 109 1973 0·
136 1917 177 2001 2,
207 1924 246 1986 15
269 1923 325 1987 ubi
344 1961 381 1969 -
399 1925 576 1988 videretur.
599 1962 631 1970 -
660 1923 714 1987 Da
736 1946 795 1987 aus
820 1922 942 1987 Sallust
965 1922 1070 1987 niehts
1095 1923 1243 1988 bekannt

74 2007 147 2119 ξδῒ,
185 2047 222 2088 66
250 2024 378 2089 seheint
402 2024 586 2111 tiberhaupt
609 2025 716 2090 dieser
740 2024 918 2090 Gebrauch
942 2024 998 2090 des
1024 2025 1242 2112 Conjunctivs

75 2127 134 2176 lm
163 2122 401 2191 Klassicismus
425 2127 500 2190 sehr
523 2128 626 2190 selten
649 2151 690 2190 zu
714 2129 794 2191 sein.

183 2227 269 2292 Liv.
295 2230 324 2308 7,
348 2233 385 2310 4,
408 2230 429 2291 2
456 2230 560 2312 virgis
592 2230 694 2306 caesi,
724 2230 780 2314 qui
803 2229 845 2292 ad
868 2229 1001 2294 nomina
1023 2250 1087 2291 non
1111 2250 1243 2314 respon·

74 2306 233 2394 dissent„
271 2332 323 2411 21,
346 2332 378 2411 4,
403 2332 420 2394 ‘l
444 2331 487 2410 id,
511 2330 596 2415 quod
618 2332 771 2414 gerendis
796 2332 893 2395 rebus
917 2338 1118 2415 superesset,
1143 2328 1243 2414 quieti

71 2405 222 2527 flatum.
267 2432 322 2509 21,
346 2432 402 2514 58,
427 2433 444 2494 7
469 2453 543 2514 nee,
567 2432 653 2518 quod
677 2440 833 2497 statutum
858 2442 959 2512 esset,
984 2432 1145 2494 manebat.
1190 2431 1243 2513 25,

68 2501 156 2621 {12
180 2530 198 2593 5
218 2535 477 2619 procurrentium
500 2534 820 2618 consistentiumque,
846 2556 908 2619 quo
931 2532 1000 2597 loco
1025 2534 1169 2618 ipsorum
1193 2541 1242 2595 tu·

93 2627 197 2694 ι3861
216 2635 353 2699 animus.
397 2635 448 2715 25,
475 2638 521 2717 14,
546 2637 564 2699 9
588 2637 685 2699 etiarn
710 2658 789 2720 quos
815 2637 900 2698 vires
925 2637 1056 2718 sanguis
1080 2632 1244 2697 desereret

63 2702 182 2793 (wie
205 2735 288 2799 ouen
318 2736 413 2800 caes.
443 2736 474 2799 n.
497 2759 528 2820 g.
552 2736 585 2813 2,
609 2737 676 2821 rr).
714 2738 772 2818 26,
800 2737 846 2818 12,
872 2737 900 2800 s.
939 2736 1064 2818 3316,
1088 2735 1118 2796 2.
1163 2735 1244 2798 Hier

64 2793 310 2901 bezeichnetc
334 2836 402 2901 also
426 2837 483 2900 der
500 2840 593 2924 Oonj.
619 2839 675 2902 des
700 2840 933 2902 Praeteritums
957 2836 1010 2900 die
1035 2835 1243 2900 wiederholte

55 2891 289 3023 Handlung.
324 2939 453 3001 Anders
470 2940 502 3002 in
519 2939 569 3020 24,
597 2943 644 3020 10,
672 2942 708 3002 11
732 2963 817 3021 cum,
843 2942 898 3026 qui
915 2941 947 3002 in
964 2937 1109 3002 laniculo
1126 2947 1244 3018 essent,

51 3012 257 3117 Ilegerent
284 3051 342 3104 ett.
390 3040 669 3104 Wahrscheinlich
700 3041 760 3104 soll
789 3040 842 3105 die
866 3040 1159 3105 Unbestirnmtbeit
1187 3038 1245 3102 der

105 3141 265 3205 eleones
289 3145 344 3224 (=
367 3142 566 3227 quicunque)
589 3142 692 3205 durch
716 3145 779 3206 den
802 3142 920 3207 Modus
944 3141 1142 3226 angedeutet
1164 3163 1243 3204 wer-

54 3202 178 3304 dssn.
215 3243 373 3328 Dagegen
395 3245 437 3307 ist
452 3247 507 3325 qui
523 3276 561 3296 =
577 3247 606 3307 si
621 3248 710 3325 qu'is:
732 3247 762 3324 3,
782 3244 830 3327 19,
847 3244 866 3307 6
889 3245 1065 3327 Verginius
1083 3281 1120 3287 -
1138 3245 1244 3306 minus

53 3324 253 3430 Β1111611611
282 3368 380 3430 quarn
404 3346 531 3432 Appius
556 3345 742 3410 Herdonius
766 3346 906 3410 meruit?
951 3345 1028 3409 Plus
1056 3343 1164 3407 hercle
1185 3346 1243 3408 ali-

58 3428 700 3538 (1118616,6613616161113661161316
724 3448 811 3513 velit.
848 3447 1017 3530 (Dieselbe
1041 3449 1162 3511 Phrase
1186 3447 1246 3509 mit

62 3531 111 3585 ἢ
149 3550 239 3629 qun:
261 3549 290 3627 6,
317 3552 366 3628 11,
390 3549 419 3611 1.
444 3549 496 3629 36,
519 3549 571 3631 22,
596 3551 639 3630 3.)
669 3548 770 3613 ven.
788 3549 818 3631 2,
842 3549 892 3627 21,
916 3549 936 3611 2
958 3550 1022 3612 nuc
1044 3559 1142 3636 atque
1157 3546 1244 3629 11111,

70 3634 191 3744 ll{lde
217 3673 290 3737 spes
321 3653 424 3714 maior
451 3649 638 3714 affulsisset.
664 3689 700 3696 —
732 3651 827 3714 Fehlt
852 3650 902 3714 bei
927 3652 1069 3716 Curtius.
1094 3688 1129 3697 -
1157 3650 1243 3714 Tac.

74 3718 182 3814 (hal.
206 3754 244 3816 14
276 3753 334 3834 iis,
372 3753 413 3814 ad
448 3775 583 3838 quorum
613 3775 707 3815 aures
738 3756 957 3838 pervenerint.
1002 3752 1032 3815 h.
1056 3752 1091 3832 5,
1122 3753 1158 3813 ll
1190 3749 1246 3813 ubi

84 3842 195 3916 mon,
222 3855 368 3918 iuvisset.
413 3856 449 3918 21
482 3853 596 3918 aderat
625 3855 772 3937 fortuna,
802 3856 899 3918 etiarn
927 3856 983 3919 ubi
1013 3863 1097 3916 artes
1122 3851 1243 3914 deluis-

89 3946 187 4018 ἱς(1111.
230 3979 303 4019 ann.
335 3957 372 4038 4,
401 3957 443 4020 70
471 3978 534 4041 quo
564 3956 760 4020 intendisset
783 3955 908 4037 oculos,
938 3977 1000 4041 quo
1030 3954 1132 4016 verba
1162 3951 1243 4014 aeci-

99 4030 225 4121 291661.
272 4059 326 4136 13,
355 4059 396 4120 45
424 4057 509 4120 unde
538 4057 661 4121 utilitas
690 4059 930 4138 ostenderetur,
965 4055 1041 4120 illue
1076 4052 1245 4118 libidinem

104 4144 330 4224 transferebat.
359 4159 465 4223 Suet.
490 4159 554 4222 Jnl.
579 4159 620 4221 20
636 4180 720 4243 qrrae
743 4161 860 4245 cuique
883 4158 1063 4221 libuissent.
1095 4157 1178 4237 Aug.
1203 4153 1244 4216 33

114 4261 141 4309 ¹¹·
164 4257 210 4323 76.
255 4259 324 4326 Cal.
348 4261 390 4323 22
413 4283 440 4323 u.
465 4261 516 4324 55.
542 4300 563 4306 —›
593 4260 653 4323 Bei
676 4260 807 4346 Nepos
832 4261 873 4323 ist
897 4256 1021 4322 iiberall
1045 4255 1177 4337 unklar,
1202 4255 1243 4317 ob

117 4346 260 4426 Ι1111116111
277 4363 475 4451 Conjunctiv
492 4362 550 4426 der
567 4360 826 4425 Besehaffcnheit
842 4360 998 4442 verliegt:
1021 4360 1051 4440 5,
1073 4359 1104 4438 4,
1128 4358 1148 4421 3
1168 4378 1244 4442 pau·

122 4467 199 4531 Peren
221 4476 374 4548 mortuos,
397 4464 462 4553 qui,
487 4464 573 4528 unde
594 4463 797 4546 efferrentur,
820 4486 883 4526 non
906 4462 1123 4550 reliquissent.
1158 4464 1189 4542 11,
1217 4463 1242 4543 l,
