2948 4988
524 312 816 406 9545-

142 507 270 576 eltener
291 510 404 575 videre.
434 509 515 574 Faat
537 511 652 574 immer
672 509 750 596 geht
762 529 854 593 saepe
868 511 995 576 vorauf.
1026 510 1149 596 Beibge
1164 511 1273 577 k‘enue

142 609 191 674 55,
204 611 327 698 jedocb
356 632 418 675 nur
446 633 504 676 aus
532 610 695 676 Cicero:
724 610 819 676 Verr.
842 614 877 692 3,
903 615 918 676 l
948 613 1059 700 itaque
1086 611 1148 678 hoc
1169 637 1212 678 ex
1234 615 1272 683 L.

142 712 250 777 {rasso
272 732 372 799 saepe
393 711 542 779 auditum
566 722 626 794 cst,
649 735 724 778 cum
740 751 778 760 -
795 713 927 782 diceret.
961 737 992 800 p.
1017 713 1114 780 domo
1136 715 1178 780 35
1200 715 1273 802 quis

142 834 273 900 nquam
295 813 443 895 audivit,
473 836 544 879 cum
569 835 629 898 ego
652 814 693 877 de
716 836 766 878 me
789 815 853 880 nisi
875 825 1007 881 coactus
1029 836 1068 878 ac
1090 816 1273 880 necessario

142 914 299 980 icerem?
343 915 384 980 de
407 936 453 981 or.
479 916 513 999 1,
541 916 583 981 28
612 937 710 1002 saepe
736 917 822 981 enim
850 915 938 982 soleo
968 917 1081 982 erudire
1102 916 1270 999 Roscium,

142 1040 203 1082 um
225 1018 275 1083 its
296 1017 390 1083 dicut.
421 1014 601 1101 (Sonstim
618 1017 859 1105 Praeteritum.)
892 1019 924 1103 2,
946 1019 966 1083 6
989 1038 1086 1102 saepe
1102 1039 1144 1082 ex
1159 1039 1270 1083 socero

142 1140 201 1185 reo
224 1119 351 1199 audivi,
372 1139 446 1183 cum
468 1119 497 1185 ia
520 1119 651 1185 diceret.
695 1119 789 1184 Eben
811 1142 848 1185 so
870 1124 901 1202 ξ.
927 1120 988 1184 144
1009 1119 1077 1185 und
1101 1120 1171 1184 155.
1200 1119 1273 1183 fin.

146 1269 159 1304 ,
188 1220 231 1285 19
257 1241 357 1306 saepe
381 1218 573 1302 audiebam,
603 1242 676 1285 cum
699 1221 832 1287 diceret.
877 1221 989 1307 parad.
1013 1222 1048 1300 6,
1075 1224 1090 1285 1
1114 1219 1208 1286 multi
1231 1243 1273 1286 ex

142 1343 156 1386 e
181 1321 371 1400 audierunt,
393 1342 467 1387 cum
490 1319 626 1388 diceres.
659 1346 692 1387 5.
710 1322 741 1386 d.
760 1325 787 1401 1,
809 1323 849 1387 21
874 1343 971 1408 saepe
993 1320 1108 1387 videor
1129 1321 1273 1406 audisse,

142 1444 209 1487 :um
236 1433 271 1490 te
299 1460 337 1472 -
367 1422 552 1489 anteferret.
598 1422 691 1488 Naeh
718 1425 839 1490 ridere:
871 1423 912 1489 de
940 1445 985 1488 or.
1009 1424 1046 1506 3,
1074 1424 1115 1488 23
1142 1423 1213 1488 dies
1240 1433 1274 1488 et

142 1534 247 1591 noctes
275 1523 382 1593 virum
406 1563 446 1573 -
468 1523 668 1591 videbamus
693 1524 886 1612 philosopho
914 1547 986 1591 curn
1015 1544 1146 1610 operam
1169 1525 1273 1602 daret,

142 1629 173 1708 ξ.
196 1626 413 1694 Tuberonem.
459 1625 543 1693 Eine
565 1628 680 1692 zweite
703 1624 805 1691 Stelle
832 1626 918 1691 habe
940 1626 992 1691 icb
1015 1626 1098 1691 noch
1120 1647 1179 1690 eus
1203 1626 1273 1692 cie.

142 1728 244 1811 rotirt‚
267 1727 349 1796 aber
370 1727 454 1793 ohne
476 1727 619 1794 Ziffern:
651 1744 748 1814 saepe
769 1729 840 1813 ipse
861 1727 943 1810 vidi,
968 1750 1040 1793 cum
1065 1765 1103 1776 -
1128 1727 1277 1793 videren-

142 1850 194 1895 ur.
238 1826 328 1895 Nacb
350 1830 539 1911 conspicere:
567 1855 598 1919 p.
621 1829 706 1896 Sest.
728 1829 771 1894 59
797 1851 964 1915 nunquam
992 1838 1043 1894 ert
1070 1840 1274 1917 conspectus,

142 1951 205 1995 aaut
229 1931 368 1998 veniret.

214 2032 243 2098 b.
268 2033 349 2099 0555
377 2033 437 2097 mit
464 2031 538 2096 dem
566 2031 825 2117 potentialem
847 2033 1047 2120 Oonjunctiv
1075 2032 1135 2098 der
1156 2029 1275 2099 a'wei·

152 2151 200 2196 eu
218 2134 308 2202 Pers.
331 2131 508 2218 singularis
531 2134 664 2216 (‚,wenn
686 2135 800 2221 man“)
829 2136 872 2200 iet
900 2135 1023 2201 bereits
1051 2156 1111 2200 aus
1139 2134 1275 2200 Plautus

142 2233 398 2321 racbgewieseu‚
428 2256 455 2300 s.
478 2237 508 2316 ξ.
531 2234 593 2299 497
616 2237 658 2319 A,
683 2239 711 2320 1,
733 2257 764 2301 a.
807 2236 904 2305 Dezu
927 2236 1053 2302 kommt
1074 2235 1157 2301 noch
1179 2236 1277 2301 Cato

142 2335 293 2414 ι1)·(355.
316 2337 352 2415 2,
374 2336 432 2418 22,
455 2336 497 2401 29
519 2345 637 2409 ventus
660 2337 812 2419 Cercius,
842 2359 940 2423 quom
963 2336 1114 2423 loquere,
1137 2336 1273 2403 buccam

142 2435 253 2520 mplet.
286 2436 402 2505 Oeiter
424 2438 479 2505 bei
501 2437 664 2506 Cicero:
682 2461 727 2544 p.
743 2437 835 2505 Sulla
859 2439 899 2503 10
927 2437 1062 2504 difficile
1084 2448 1135 2504 est
1156 2448 1275 2520 tacere,

142 2551 203 2603 555
225 2539 349 2609 doleas.
378 2560 448 2624 rep.
474 2542 502 2621 1,
524 2540 546 2603 2
567 2560 641 2604 cum
665 2562 705 2605 ea
726 2534 791 2606 riou
814 2549 917 2607 utere.
949 2541 989 2606 de
1012 2562 1059 2605 or.
1082 2541 1112 2621 2,
1134 2541 1176 2605 53
1199 2562 1272 2605 cum

142 2651 163 2695 Ε
190 2660 263 2708 cem
291 2642 451 2707 rationem
478 2642 645 2726 ingressus
676 2643 732 2707 sir.
777 2643 817 2707 67
840 2664 913 2706 cum
935 2640 1046 2723 ludas,
1077 2633 1155 2706 cuni
1178 2640 1275 2707 aliter

142 2743 252 2809 entiae
281 2764 321 2808 ac
349 2741 492 2830 loquare.
537 2746 569 2824 ξ.
591 2743 654 2809 273
682 2765 754 2808 cum
783 2743 936 2829 excipies.
982 2748 1012 2825 ξ.
1037 2742 1099 2808 328
1122 2765 1197 2808 cum
1219 2765 1276 2807 ex·

142 2852 241 2911 10555.
285 2846 324 2926 3,
346 2845 389 2910 53
418 2841 472 2908 vel
500 2864 573 2908 cum
602 2843 727 2930 aliquid
756 2867 776 2910 a
799 2847 923 2932 teipso
946 2844 1085 2912 reiiciae.
1130 2852 1210 2911 orat.
1234 2845 1275 2908 62

142 2955 157 2997 ³·
179 2944 225 3013 ris
254 2947 304 3014 his
335 2947 416 3013 locis
443 2967 533 3011 usus.
576 2947 617 3011 67
640 2968 668 3012 c.
690 2954 747 3011 aut
776 2969 894 3032 arguas
923 2956 980 3011 aut
1006 2944 1147 3011 refellas.
1192 2954 1274 3010 orat.

142 3051 213 3110 ttrt
235 3048 256 3114 6
278 3069 306 3113 c.
338 3047 463 3134 aliquid
490 3057 548 3113 aut
576 3047 718 3112 invisum
745 3057 802 3114 eut
831 3049 1013 3114 inauditum
1037 3048 1137 3112 dicas.
1182 3047 1224 3111 25
1247 3068 1275 3110 c.

142 3132 159 3197 *i
186 3150 302 3229 generi
330 3149 497 3215 bominum
526 3148 699 3214 consilium
728 3150 794 3216 dee.
839 3149 893 3217 fin.
916 3152 954 3232 4,
978 3149 1018 3215 27
1048 3171 1075 3214 5.
1099 3170 1200 3236 prope
1223 3172 1275 3213 ae·

142 3250 278 3317 weris.
319 3250 417 3318 Tuse.
441 3251 462 3316 5
490 3254 520 3333 5.
546 3252 594 3314 14.
639 3250 711 3320 Cat.
736 3250 779 3316 M.
809 3255 839 3333 ξ.
864 3252 893 3319 9.
937 3251 1035 3314 Tuso.
1065 3250 1085 3315 3
1115 3254 1145 3332 §-
1174 3251 1216 3315 52
1249 3272 1275 3313 c

142 3350 326 3445 paridem.
363 3352 384 3417 5
407 3355 437 3434 5.
460 3352 503 3421 60
524 3374 554 3417 c.
576 3352 652 3417 huie
675 3352 848 3419 obsecutus
872 3353 939 3417 sis..
967 3352 1030 3416 Mit
1053 3350 1127 3415 dem
1150 3351 1272 3436 Imper-

142 3451 211 3515 cet:
233 3454 327 3526 Brut.
349 3456 380 3535 ἓ.
405 3453 467 3518 134
488 3475 518 3519 5.
541 3453 699 3540 quosdam
721 3453 862 3517 audires.
897 3453 960 3517 Mit
982 3452 1056 3518 dem
1080 3452 1273 3538 Plusquam-
1299 3463 1302 3470 ·

142 3548 270 3623 meet:
304 3564 380 3643 post
401 3554 471 3620 red.
496 3555 531 3639 6,
557 3555 596 3620 13
624 3566 719 3642 quem
747 3564 1007 3641 praetereuntem
1035 3577 1108 3619 oum
1134 3555 1272 3634 vidisses,

142 3639 230 3719 ’fitur
251 3657 281 3722 si
303 3693 344 3707 -·
366 3657 583 3741 existimares,
605 3666 712 3722 tamen
737 3694 775 3705 -
798 3679 864 3723 non
885 3665 1028 3742 putares.

215 3759 416 3828 Auseerdem
440 3759 523 3823 habe
545 3757 598 3825 ich
620 3781 683 3823 nur
704 3758 821 3823 notirt:
846 3757 938 3823 Sall.
955 3757 1034 3842 Jug.
1058 3757 1110 3840 85,
1133 3757 1176 3822 35
1198 3778 1272 3822 cum

142 3840 204 3914 i¹¹20
229 3880 286 3946 per
313 3858 484 3926 mollitiem
506 3881 595 3945 agas.
641 3858 813 3941 Quintil.
836 3861 872 3943 9,
895 3861 926 3940 3,
949 3860 990 3923 68
1012 3880 1084 3922 eum
1109 3896 1150 3906 -
1173 3859 1273 3924 dicae.

217 3982 245 4025 c.
267 3962 339 4029 Scit
361 3961 420 4027 der
442 3960 649 4031 kiassiacheu
671 3962 765 4042 Zeit‚
793 3971 902 4027 rueret
923 3981 1085 4045 sparsam,
1109 3959 1196 4024 dann
1220 3959 1275 4024 be·

145 4053 266 4129 “indere
287 4065 333 4128 im
356 4062 519 4130 silbernen
542 4063 660 4128 Latein
681 4062 808 4148 hbufig,
837 4062 1027 4127 erecheinen
1052 4065 1122 4127 nun'
1143 4060 1274 4140 Stellen,

149 4160 192 4264 ¹?
208 4181 276 4251 §tem
295 4165 379 4232 auch
402 4166 463 4235 mit
485 4167 558 4230 dem
582 4166 780 4253 Oonjunctiv
811 4165 869 4230 der
899 4165 1053 4228 dritten
1077 4162 1198 4226 Person
1221 4162 1274 4227 die

154 4257 343 4335 'recumbe
365 4265 545 4351 Heudlung
567 4266 769 4334 bezeichnet.
799 4268 881 4332 Hier
903 4264 1029 4330 scheint
1050 4264 1109 4329 der
1130 4263 1274 4328 Einfluss

160 4343 204 4417 ⁶0³
215 4360 454 4451 (irieehiscben‚
478 4367 616 4433 welches
633 4369 685 4434 die
702 4364 1044 4455 Temporalpartikeln
1060 4388 1101 4431 zu
1116 4363 1275 4450 gleicbem

164 4443 279 4539 breche,
296 4469 358 4541 mit
379 4470 453 4534 dem
470 4469 669 4557 Conjunctiv
691 4469 818 4537 und‘civ
833 4468 912 4535 oder
929 4469 983 4535 sur
997 4468 1052 4537 die
1064 4469 1273 4559 Vergapgcn·
