2948 4988
497 348 729 413 -697-

142 540 151 582 r
173 517 344 582 voluisset.
382 517 424 581 52
447 517 590 582 relicturi
611 538 707 602 agros
730 537 841 580 omnes
864 520 956 580 duat
976 515 1059 596 (scil.
1076 524 1117 578 'et
1138 537 1187 579 re·

142 621 240 703 sent),
263 619 328 682 nisi
350 616 392 680 ud
414 638 468 681 eos
490 615 643 682 Metellus
659 618 763 682 Roma
785 614 911 681 litteras
933 616 1083 680 misisset.
1119 615 1188 678 div.

160 718 219 784 ubi
248 723 317 785 erut
338 738 524 801 mansuras,
547 720 575 782 si
597 719 645 783 ire
667 716 879 805 perrexisset.¹
924 715 1018 781 Verr.
1041 716 1073 798 5,
1095 717 1138 780 49
1160 717 1188 780 si
1267 756 1277 766 -

142 819 352 885 ..Metellum
376 820 501 885 licitum
525 831 621 899 esset,
644 829 764 885 matres
788 818 918 884 illorum
939 857 981 866 -
1003 817 1190 882 veniebant.

142 921 217 985 dan.
243 923 280 986 17
304 922 393 1007 quod
416 924 445 986 si
467 923 617 1009 privatus
646 936 732 986 esset
753 923 814 987 hoo
840 931 999 1007 tempore,
1030 930 1138 984 tamen
1161 919 1189 982 is

142 1024 327 1106 lelipcadas.
364 1024 498 1088 Servius
520 1021 563 1087 ad
586 1023 663 1087 fam.
685 1025 716 1104 4,
738 1022 805 1105 5,4
826 1023 855 1086 si
876 1021 938 1086 hoo
960 1030 1105 1106 tempore
1128 1043 1192 1085 non
1311 1096 1318 1106 ‚

157 1146 252 1189 suum
279 1124 419 1208 obisset,
447 1124 560 1206 paucis
588 1135 663 1210 post
689 1124 783 1188 annis
812 1135 919 1189 tamen
942 1123 972 1187 ei
994 1123 1192 1188 mutandam

149 1229 184 1290 in
207 1224 317 1289 Vatin.
336 1225 401 1307 1,2
423 1226 565 1308 debuisti,
590 1227 689 1290 etiam
712 1226 740 1289 si
762 1224 847 1292 falso
870 1226 1017 1289 venisses
1036 1225 1070 1286 in
1086 1225 1191 1310 suspi-

142 1350 169 1390 m
185 1327 220 1392 P.
237 1327 355 1409 Sestio,
379 1337 489 1391 tamen
512 1326 592 1391 mihi
614 1327 792 1411 ignoscere,
817 1327 844 1391 si
861 1365 901 1374 -
918 1336 950 1390 et
965 1326 1104 1411 tempori
1121 1326 1191 1389 eius

144 1427 261 1493 luntati
290 1449 405 1514 parere
434 1427 620 1492 voluissem.
664 1450 697 1513 p.
718 1427 788 1493 Mil.
824 1431 861 1491 11
870 1477 880 1511 ,
902 1428 941 1491 31
972 1426 1058 1513 quod
1087 1427 1117 1490 si
1144 1426 1191 1490 ita

142 1540 200 1612 set,
223 1541 311 1596 certe
334 1529 504 1613 optabilius
525 1529 640 1594 Miloni
660 1530 726 1611 fuit
747 1530 826 1595 dare
848 1527 1005 1612 iugulum.
1049 1518 1134 1612 legg.
1159 1530 1188 1609 1,

142 1632 241 1696 bebar
264 1629 404 1715 longius,
426 1630 492 1694 nisi
515 1652 566 1695 me
589 1632 806 1696 retinuissem.
843 1629 939 1695 Tusc.
962 1629 992 1712 3,
1014 1629 1078 1711 1,2
1100 1628 1189 1714 quod

142 1753 174 1796 es
197 1752 256 1796 nos
279 1741 395 1796 natura
417 1733 649 1816 genuisset-
672 1732 759 1797 haud
782 1740 852 1797 erat
874 1751 968 1806 sane,
992 1729 1078 1816 quod
1101 1731 1189 1815 quis-

143 1834 286 1915 ationem
310 1855 349 1898 ac
372 1833 553 1898 doctrinam
569 1835 759 1920 requireret.
806 1833 883 1897 fam.
909 1831 958 1916 12,
984 1831 1032 1914 10,
1054 1832 1075 1896 3
1097 1853 1189 1918 prae·

153 1935 348 2017 viceramus,
371 1936 436 1999 nisi
459 1934 635 2020 spoliatum
659 1973 696 1983 -
721 1935 866 2022 Lepidus
889 1933 1069 2021 recepisset
1088 1936 1190 1998 Anto-

184 2036 282 2100 Eben
304 2059 340 2102 so
363 2036 406 2101 ad
430 2038 522 2101 Brut.
549 2040 583 2118 1,
609 2038 664 2119 15,
691 2036 730 2100 12
752 2035 969 2123 pulcherrime
992 2036 1188 2118 viceramus,

142 2137 270 2224 rapidus
293 2137 431 2224 perdere
453 2141 562 2203 omnia
585 2177 623 2186 —
647 2138 901 2225 concupivisset.
1091 2128 1093 2132 ’

142 2237 223 2303 lehlt
246 2237 299 2302 bei
323 2239 455 2304 Caesar.

142 2341 182 2404 tei
205 2339 366 2405 Sallust
393 2362 455 2404 nur
484 2341 537 2404 ein
560 2340 642 2406 Mal:
671 2341 750 2426 Jug.
773 2341 825 2423 85,
847 2340 890 2404 48
919 2360 1003 2424 quae
1031 2341 1060 2402 si
1087 2338 1187 2404 dubia

142 2438 237 2505 rooul
266 2451 392 2523 essent,
421 2452 531 2507 tamen
559 2464 669 2508 omnes
691 2443 795 2508 bonos
821 2442 901 2527 reip.
932 2441 1108 2506 subvenire
1131 2441 1187 2504 de-

142 2641 158 2706 l
167 2643 240 2728 irg.
257 2646 299 2709 A.
316 2645 405 2737 2,54
427 2647 455 2710 si
477 2646 546 2711 fata
569 2646 675 2725 deum,
698 2647 727 2710 si
749 2666 839 2709 mens
860 2665 925 2708 non
940 2642 1035 2709 laeva
1057 2644 1185 2723 fuisset,

142 2754 212 2809 erat
228 2755 285 2813 ott.
322 2747 354 2829 4,
373 2747 410 2810 17
429 2747 458 2810 si
472 2770 538 2813 non
553 2759 737 2835 pertaesum
755 2746 887 2811 thalami
910 2743 1090 2832 taedaeque
1105 2746 1185 2810 fuis-

159 2849 250 2932 potui
272 2848 494 2913 succumbere.
534 2852 584 2932 11,
605 2849 666 2912 112
687 2871 747 2913 nec
762 2848 850 2927 veni,
871 2848 988 2910 nisi-
1007 2846 1183 2912 dedissent.

155 2948 208 3013 od.
231 2949 262 3031 2,
287 2949 337 3031 17,
360 2948 400 3014 27
424 2972 476 3015 me
498 2949 686 3035 sustulerat,
708 2951 780 3013 nisi.
818 2949 849 3028 3,
874 2948 924 3030 16,
947 2947 967 3011 3
989 2949 1184 3032 munierant,

142 3070 164 3112 r.
209 3047 319 3114 Ovid
340 3060 416 3117 met.
443 3052 492 3135 14,
516 3051 556 3115 72
577 3051 722 3116 Teucras
745 3050 854 3115 fuerat
875 3070 1020 3113 mersura
1046 3050 1183 3129 carinas,

142 3173 182 3215 ,us
205 3150 239 3213 in
262 3150 430 3237 scopulum
445 3189 484 3200 -
500 3153 734 3218 transformata
748 3154 843 3217 foret.
880 3151 964 3216 trist.
980 3150 1010 3229 2,
1027 3150 1067 3215 97
1083 3154 1184 3238 potui,

142 3276 151 3317 ι
173 3262 321 3317 extrema
342 3241 495 3318 nocerent
519 3291 557 3301 --
580 3264 670 3320 tutus
693 3276 774 3320 esse.

142 3355 205 3418 riv.
230 3352 261 3436 2,
287 3355 303 3418 1
327 3352 406 3440 quid
428 3357 513 3419 enim
535 3355 681 3420 futurum
704 3356 782 3439 fuit,
807 3357 835 3421 si
859 3393 897 3402 —
921 3355 1042 3439 agitari
1067 3366 1200 3442 coepta·
1223 3342 1239 3369 ’

175 3455 211 3538 2,
235 3454 277 3518 22
300 3469 570 3541 comparaverant
597 3458 721 3521 auxilia
744 3495 781 3504 —
805 3458 840 3520 ni
862 3462 1060 3522 maturatum
1085 3469 1182 3524 esset.

147 3557 176 3620 si
198 3578 299 3620 unum
323 3555 408 3620 diem
430 3558 548 3623 morati
567 3559 694 3641 essetis,
717 3559 920 3623 moriendum
943 3560 1092 3624 omnibus
1107 3561 1180 3624 fuit.

142 3656 254 3723 ncebat
268 3695 310 3705 —
331 3659 489 3744 paucitas,
511 3659 546 3722 ni
568 3659 688 3723 Veiens
711 3661 744 3724 in
767 3660 924 3725 verticem
945 3661 1036 3726 collis
1059 3663 1180 3726 evasis-

144 3759 185 3824 65
207 3758 255 3825 sio
273 3780 372 3842 prope
393 3770 563 3824 oneratum
586 3772 635 3825 est
658 3763 824 3827 sinistrum
848 3783 959 3842 cornu,
984 3765 1019 3827 ni
1043 3800 1081 3811 —
1105 3783 1179 3826 oon-

142 3859 235 3924 rdore
258 3870 379 3926 metum
403 3862 612 3927 excussisset.
635 3863 688 3946 ·3‚
714 3866 728 3926 1
753 3873 849 3928 atrox
877 3873 1038 3928 certamen
1065 3862 1180 3928 aderat

142 3971 259 4026 iturum
283 3962 383 4044 erat),
411 3963 446 4025 ni
469 3963 592 4028 Fabius
619 3986 688 4028 rem
717 3965 913 4049 expedisset.
957 3967 994 4048 3,
1018 3965 1058 4029 19
1080 3987 1178 4048 nunc,

142 4063 225 4127 atini
249 4083 309 4126 sua
331 4072 446 4149 sponte
468 4086 559 4127 arma
580 4066 805 4152 sumpsissent,
830 4066 918 4153 capti
940 4077 973 4132 et
996 4063 1093 4131 deleti
1109 4087 1178 4128 era·

149 4163 181 4245 3,
192 4164 236 4228 43
250 4164 387 4228 Romam
403 4165 481 4228 ferri
499 4166 646 4252 protinus
663 4167 805 4231 Siccium
820 4166 980 4253 placebat,
1001 4166 1035 4229 ni
1051 4166 1177 4230 decem-

142 4300 153 4309 ·
170 4274 398 4331 maturassent.
431 4267 463 4348 4,
478 4268 521 4331 52
541 4269 607 4330 iam
622 4268 726 4333 fames
742 4290 838 4354 quam
853 4266 1040 4354 pestilentia
1055 4268 1179 4332 tristior

142 4366 226 4428 ni-
242 4387 391 4432 annonae
412 4368 498 4432 foret
520 4368 725 4435 subventum.
762 4369 792 4450 5,
807 4370 849 4434 53
871 4368 958 4455 quod
981 4369 1099 4433 facturi
1114 4369 1177 4433 fui-

153 4467 180 4528 si
203 4467 301 4531 aedes
325 4477 456 4547 nostrae
479 4469 726 4553 deflagrassent.
771 4470 803 4551 6,
825 4470 864 4533 21
889 4493 1009 4554 magna
1035 4492 1111 4557 pars
1139 4493 1176 4536 eo

142 4601 237 4643 umas,
252 4594 307 4636 nint.
321 4597 410 4645 syntax
424 4595 518 4636 declat.
534 4596 582 4646 Sps.
608 4599 641 4637 11.
993 4594 1026 4643 45
