2948 4988
649 151 690 162 -
733 114 877 178 692-

198 294 313 349 contra
328 307 464 371 corpora
478 283 639 349 retribuat
653 283 750 348 rebus
773 294 961 368 recreetque
982 282 1131 365 fluentes,
1153 281 1267 347 omnis
1280 282 1340 346 iam

198 385 342 450 resoluta
364 387 472 450 forent
494 394 526 449 et
548 387 583 449 in
605 406 683 448 aera
704 407 809 449 versa.
849 386 914 448 Die
937 382 1039 449 Stelle
1061 384 1105 449 ist
1127 382 1187 448 der
1209 385 1340 468 sorigen

199 486 360 551 durchaus
384 484 584 570 gleichartig.
622 486 703 550 Cic.
727 486 829 551 diet
849 489 878 566 ξ.
897 486 957 549 122
979 506 1021 549 ne
1043 486 1073 549 si
1093 486 1255 569 navigare
1276 486 1341 571 qui·

197 588 272 653 dem
295 587 407 667 velim,
430 590 477 652 its
498 588 731 671 gubernarem,
754 598 791 652 ut
813 587 1058 670 somniaverim3
1079 607 1239 673 praesens
1260 586 1341 650 enim

199 711 305 773 poena
327 690 380 754 sit.
421 691 618 754 Ausserdem
641 688 723 753 noch
747 688 856 774 Virg.
880 687 1001 772 Georgss
1022 688 1054 771 4,
1078 687 1140 752 116
1161 688 1198 751 ni
1219 687 1342 752 traham
1451 742 1471 767 ,

197 827 239 837 -
261 811 421 855 canerem.
466 787 606 855 Tibull
630 792 664 872 1,
686 792 723 873 4,
747 790 788 855 63
810 791 956 855 earmina
978 791 1118 874 nisint,
1146 811 1190 854 ex
1211 791 1342 855 humero
1431 840 1456 868 ,

198 889 328 977 Pelopis
351 913 416 955 nou
438 891 590 956 nituisset
611 893 700 956 ebur.
749 895 782 970 1,
806 891 842 974 8‚·
864 892 906 955 22
928 893 1068 974 faceret,
1091 893 1120 957 si
1142 914 1210 958 uon
1232 929 1271 939 -
1294 914 1340 956 eo·
1399 940 1437 955 2
1467 956 1469 967 ,

168 1003 284 1058 'nent
322 993 406 1056 Liv.
430 992 464 1075 6,
486 992 538 1075 40,
563 994 600 1056 17
624 994 653 1056 si
675 990 745 1057 sint'
762 1004 795 1058 et
816 1002 942 1078 peteret
963 1031 998 1042 -
1027 995 1212 1080 possetisne
1233 991 1341 1058 ferre?
1380 1004 1443 1067 S?

282 1098 312 1176 ἕ.
334 1095 407 1159 550.
441 1093 813 1180 DerBediugungssatz
836 1095 923 1159 steht
945 1096 989 1159 im
1013 1095 1265 1181 Conjunetiv
1287 1094 1340 1158 des
1374 1132 1401 1158 .—
1449 1145 1473 1173 .,

197 1196 438 1282 Imperfects
467 1195 546 1259 oder
576 1195 633 1259 des
657 1195 1075 1282 Plusquamperfeots,
1103 1216 1202 1261 wenn
1228 1194 1283 1260 die
1309 1196 1471 1278 inus,

198 1299 264 1361 ihm
287 1296 474 1361 cnthalten'e
495 1297 668 1362 Annahme
691 1295 739 1361 sls
766 1296 998 1382 unmoglich
1026 1296 1108 1362 oder
1133 1293 1263 1363 irreal
1289 1297 1465 1377 be-Q.

199 1398 347 1463 neichnet
376 1398 472 1480 wird,
506 1397 554 1461 als
587 1400 660 1463 eine
688 1398 747 1462 der
770 1397 1007 1470 Wirklichkeit
1037 1397 1374 1486 widersprechendo
1386 1409 1461 1476 fle

199 1500 474 1582 Voraussetzung,
498 1522 554 1563 aus
577 1499 716 1563 welcher
732 1500 790 1564 der
804 1498 991 1585 Hauptsutz
1013 1499 1152 1565 mittelst
1175 1498 1452 1576 derselberxsn

198 1599 447 1664 Verbalformen
467 1600 539 1665 eine
555 1601 613 1665 der
630 1598 865 1665 Wirklichkeit
886 1602 977 1666 nicht
999 1600 1258 1687 entspreehende
1272 1598 1384 1667 roll
1402 1611 1446 1674 «1.

198 1723 324 1786 gerung
352 1701 498 1766 ableitet.
545 1701 597 1765 Da
625 1701 749 1767 hierbei
777 1701 836 1765 das
860 1702 1038 1789 Imperfect
1062 1703 1116 1768 die
1138 1705 1266 1791 Sphtre
1286 1702 1441 1775 desi

197 1803 459 1886 Gegenwart,
483 1803 540 1867 das
557 1803 859 1890 Plusquemperfeet
873 1803 927 1868 die
942 1803 1001 1868 der
1016 1803 1437 1890 vergangenheiirt

197 1903 404 1986 bezeichnet,
433 1926 468 1968 so
496 1903 586 1989 giebt
612 1927 647 1970 es
675 1905 762 1969 vier
788 1904 1020 1990 regelmttssige
1043 1905 1265 1992 Sateformen,
1290 1906 1435 1974 diffie

197 2004 269 2072 sich
292 2004 415 2069 iiberall
444 2006 570 2089 finden,
599 2029 660 2071 nur
686 2007 850 2093 diejenige
872 2002 920 2070 iss
936 2006 1028 2072 nicht
1054 2006 1177 2092 hrufig,
1205 2008 1240 2072 in
1268 2006 1340 2072 sre'
1365 2010 1443 2073 :l-

198 2108 274 2172 cher
297 2107 356 2171 das
372 2106 506 2192 Imperi.
525 2106 582 2171 des
598 2107 821 2172 Nebensatzes
837 2107 943 2171 einem
958 2107 1264 2195 Plusquamperfect
1284 2108 1447 2175 <tems

197 2210 421 2295 Hauptsatzes
444 2208 728 2293 gegeniibersteht.
766 2209 820 2273 Da
841 2231 909 2272 nun
930 2211 1010 2273 aber
1031 2210 1114 2274 auch
1138 2209 1199 2273 der
1214 2208 1449 2275 Indis—-

196 2313 245 2375 tiv
267 2313 312 2374 im
335 2310 537 2395 Hauptsatze
559 2310 756 2394 vorkommt,
779 2332 814 2375 so
837 2311 912 2376 sind
934 2309 1089 2396 folgende
1107 2310 1252 2377 Klassen
1272 2312 1450 2377 aru-f·

196 2410 365 2476 zustellen.
437 2400 441 2408 ⁶

280 2536 308 2578 a.
331 2514 401 2579 Der
421 2514 670 2601 Conjunctiv
693 2514 782 2578 eines
797 2513 1041 2600 Nebentempus
1064 2512 1107 2578 im
1123 2513 1253 2601 Haupt·
1273 2535 1400 2577 un
1417 2509 1448 2573 «1

195 2614 395 2680 Nebensatz.
439 2616 575 2680 Hierfr'ir
608 2623 758 2700 gentigen
788 2616 915 2700 wenige
942 2614 1066 2701 Belsge
1098 2614 1184 2680 ohne
1212 2624 1446 2697 strenge

196 2717 383 2802 Scheidung
406 2717 464 2782 der
485 2716 662 2802 Tempora:
686 2715 813 2780 Plaut.
838 2718 928 2782 Trin.
952 2719 1012 2782 115
1035 2719 1061 2782 si
1085 2727 1172 2782 esset
1194 2754 1236 2765 -
1257 2713 1440 2778 hatur

195 2818 351 2882 crederet.
399 2821 457 2882 172
480 2820 676 2883 fecisset-
699 2820 726 2881 si
749 2819 830 2883 haec
857 2820 1101 2902 praesensisset
1146 2818 1207 2883 927
1235 2819 1262 2882 si
1282 2836 1434 2898 rup-

195 2918 367 3003 pellasses,
393 2921 616 3006 respondisset
638 2919 771 2984 nomini.
815 2921 878 2984 568
900 2921 928 2985 si
949 2931 1026 2985 aute
1047 2919 1228 3000 voluisses,
1253 2940 1344 2984 ess
1359 2934 1428 2975 es

194 3019 379 3106 (locuples).
412 3022 475 3085 632
498 3021 576 3107 quid
600 3021 734 3102 faceres,
759 3022 786 3085 si
809 3023 880 3106 quis
904 3022 1071 3086 docuisset
1092 3032 1177 3087 tent
1198 3021 1245 3085 sio
1265 3014 1423 3084 odio

194 3144 281 3185 esses
305 3122 408 3186 mihi?
453 3123 537 3186 Ter.
562 3123 645 3187 Eun.
673 3124 732 3186 176
755 3126 783 3187 si
806 3124 891 3189 istuc
917 3122 1084 3187 crederem
1111 3125 1237 3188 sincere
1261 3121 1315 3184 di
1327 3112 1417 3186 cl

193 3223 325 3308 quidvis
354 3248 481 3310 possem
510 3227 646 3310 perpeti.
692 3224 794 3288 Andr.
819 3225 883 3290 604
912 3225 1000 3310 quod
1029 3226 1058 3288 si
1087 3225 1264 3310 quiessem,
1322 3211 1413 3280 1¹5¹

194 3325 358 3390 evenisset
387 3326 474 3390 mali.
519 3327 581 3389 478
609 3328 804 3412 imparatum
832 3349 883 3390 me
911 3327 939 3390 si
967 3325 1103 3390 adortus
1133 3335 1233 3407 esset,
1261 3340 1344 3408 qu
1354 3333 1408 3373 0⁵

194 3424 273 3490 mihi
296 3423 389 3490 ludos
413 3426 588 3492 redderet?
626 3427 706 3491 IIec.
730 3428 793 3491 220
813 3429 848 3492 ni
870 3428 904 3491 id
926 3426 1074 3508 fecisset,
1097 3428 1203 3512 magis
1226 3426 1354 3489 mir-u
1370 3433 1403 3471 ¹¹¹

195 3526 289 3590 soret.
312 3528 386 3591 222.
405 3567 440 3575 -
460 3529 535 3594 eie.
552 3530 647 3593 Rosc.
666 3552 746 3595 corn.
766 3530 805 3591 14
827 3531 855 3593 si
874 3529 1011 3611 viveret,
1035 3529 1137 3593 verbs
1159 3530 1228 3593 eius
1249 3510 1399 3591 sudi·

193 3629 283 3692 retis.
323 3628 407 3695 Phil.
430 3633 460 3713 2,
478 3633 519 3695 36
542 3641 682 3715 quantus
705 3631 837 3711 fuisses,
862 3630 890 3693 si
912 3626 1001 3694 illius
1025 3630 1098 3694 diei·
1113 3642 1253 3696 mentem
1273 3631 1398 3690 561·

194 3750 274 3793 vare
297 3731 470 3815 potuisses.
509 3731 574 3794 div.
593 3733 623 3812 2,
639 3733 681 3796 49
704 3735 730 3796 si
750 3734 796 3795 ita
819 3741 934 3795 natura
957 3741 1106 3817 paratum
1130 3742 1227 3814 esset,
1247 3740 1293 3796 ut
1349 3730 1399 3772 θ’*

197 3830 395 3895 dormientes
418 3845 561 3915 agerent,
585 3856 667 3919 quae
689 3836 898 3912 somniarent,
920 3830 1079 3916 alligandi
1095 3856 1208 3898 omnes
1223 3820 1397 3898 esseni

193 3933 248 4017 qui
280 3933 425 3996 cubitum
455 3935 548 4002 irent.
573 3973 612 3983 -
635 3936 721 4002 Liv.
744 3936 800 4015 22,
823 3936 866 3999 60
887 3933 983 4021 quid,
1010 3937 1036 3998 si
1060 3933 1260 3999 moriendum
1298 3928 1398 4009 12¹⁰

195 4035 300 4118 patria
322 4045 418 4111 essct,
443 4034 618 4099 faceretis?
655 4038 707 4117 39,
727 4036 768 4099 23
792 4039 821 4100 si
844 4036 966 4100 diutius
990 4035 1142 4119 vixisset,
1165 4036 1198 4101 id
1221 4028 1399 4101 bellum

172 4181 176 4188 .
194 4136 358 4216 gessisset.
398 4136 481 4200 Scn.
507 4137 547 4200 de
569 4139 617 4201 ira
637 4140 665 4217 1,
684 4139 733 4219 15,
750 4139 770 4202 3
794 4138 953 4223 Socrates·
968 4160 1066 4203 serro
1087 4140 1149 4204 ait:
1173 4127 1400 4203 caederem

189 4244 237 4311 te,
261 4235 323 4298 uisi
348 4237 519 4302 irascerer.
