2948 4988
582 362 619 372 —
664 325 728 390 295
772 364 810 374 -

74 496 320 579 dignitatem
343 495 449 560 docere
471 517 536 559 non
557 492 666 559 hebet.
711 493 786 559 sem.
812 496 846 576 l,
867 497 888 560 5
909 517 929 559 a
950 495 970 559 3
991 495 1097 561 habeo
1113 496 1266 579 polliceri.

68 604 191 667 Att.
215 594 247 678 2,
268 596 363 676 22,6
395 594 437 659 de
467 616 535 681 rep.
563 593 647 658 nihil
675 593 780 659 habeo
808 595 849 659 ad
878 606 911 660 te
932 597 1073 661 scribere.
1097 633 1138 644 -
1161 597 1266 661 Suet.
1402 676 1405 681 ⁴

66 703 194 768 Oct.
219 697 263 762 58
292 696 373 784 quid
400 695 506 761 habeo
533 695 622 760 aliud
646 694 724 759 deos
748 695 897 780 precari?
941 696 1001 760 Bei
1024 696 1183 762 Gellius
1206 719 1268 761 nur

65 799 192 868 drei
205 796 301 862 Mal:
324 796 437 880 3,1‚8
459 795 578 883 ecquid
600 796 736 862 heberet
757 818 855 883 super
877 820 972 863 eure
995 798 1111 866 dicere.
1149 800 1199 881 17,
1215 799 1266 880 20,

57 908 111 970 5
153 899 288 964 dicere.
329 898 383 983 20,
408 898 457 977 10,
477 897 499 961 2
521 899 549 962 si
570 897 649 985 quid
672 919 821 982 quaerere
842 898 952 964 habes.
979 937 1014 947 -
1039 899 1149 965 Ueber
1171 900 1268 966 tabeo

64 1012 205 1069 statt
228 1001 319 1066 debeo
341 1022 368 1064 e.
391 1001 424 1080 5.
445 999 518 1066 414.

208 1104 241 1167 5.
270 1101 482 1185 Hiilfsverba,
505 1101 559 1164 die
582 1101 635 1164 ein
656 1101 854 1186 geistiges
871 1102 1038 1167 Konnen
1060 1101 1140 1167 oder
1153 1102 1267 1168 Nicht·

67 1207 257 1269 kbnnen
285 1200 511 1285 eusdrt'rcken,
539 1201 737 1268 namentlieh
760 1205 840 1268 scire
866 1202 933 1267 und
955 1205 1087 1288 nescire,
1115 1204 1267 1268 kommen

65 1306 138 1369 in
182 1304 269 1368 allen
284 1303 447 1371 Perioden
470 1302 529 1368 der
545 1302 690 1389 Sprache
713 1326 781 1369 vor.
817 1303 916 1370 Octo
940 1329 964 1369 r.
981 1306 1044 1369 r.5
1066 1327 1147 1391 opus
1169 1307 1268 1371 rusti·

71 1426 202 1470 eum
234 1428 329 1472 omne
362 1417 453 1470 curet
481 1407 530 1470 uti
556 1407 637 1470 sciat
664 1404 781 1471 fecere.
828 1407 888 1471 143
916 1407 1055 1471 ferinam
1084 1406 1204 1471 bonam
1227 1442 1267 1454 «-

75 1509 213 1572 sciat
242 1510 361 1577 fecere.
406 1505 539 1571 Plaut.
566 1506 685 1572 Pseud.
708 1507 771 1571 226
803 1530 886 1594 quac
913 1509 1037 1594 pacisci
1067 1507 1163 1573 modo
1191 1509 1266 1592 scis,

77 1616 177 1672 set
207 1608 294 1695 quod
321 1609 468 1696 pacta’s,
501 1629 566 1673 non
586 1611 648 1674 scis
669 1608 807 1673 solvere.
853 1609 942 1673 Pers.
967 1610 987 1674 6
1009 1629 1069 1674 nec
1091 1609 1267 1695 quidquam

82 1740 150 1753 —
192 1711 296 1774 sciunt
323 1709 405 1775 mihi
433 1708 640 1795 respondere.
685 1710 749 1775 654
775 1709 821 1773 nil
850 1712 912 1775 scit
939 1711 1004 1775 nisi
1032 1731 1145 1774 verum
1168 1709 1267 1797 loqui.

87 1804 194 1874 '162
219 1810 411 1876 beneficium
439 1813 501 1876 scit
528 1812 677 1896 accipere
705 1821 737 1874 et
764 1810 903 1877 reddere
929 1814 1034 1878 nescii.
1078 1812 1141 1877 853
1163 1814 1270 1878 sciunt

88 1909 247 1977 referre
276 1951 314 1962 -
338 1913 488 1999 gretiam.
532 1912 604 1977 Aue
632 1911 786 1977 Terenz
815 1915 896 1978 wird
929 1935 995 1979 von
1023 1913 1129 1979 Holze
1160 1913 1268 1979 nichts

92 2014 311 2098 angefuhrt.

213 2114 322 2180 Selten
343 2115 398 2190 bei
420 2116 576 2182 Cicero:
600 2118 710 2181 deor.
733 2117 764 2200 2,
781 2115 831 2199 22,
847 2116 886 2179 91
911 2138 971 2180 nec
993 2115 1137 2202 deligere
1160 2117 1266 2186 scivit.

102 2203 220 2280 Brut.
240 2217 283 2281 49
305 2219 363 2304 qui
384 2216 419 2282 id
442 2219 565 2304 possim
587 2228 645 2282 aut
666 2219 766 2283 sciam
788 2216 944 2282 iudicare.
989 2217 1087 2282 Tusc.
1107 2219 1137 2300 5,
1152 2219 1194 2283 36
1215 2240 1268 2284 ne-

10 2322 12 2331 '
104 2314 295 2384 ³⁶imue-
310 2329 529 2385 contemnere.
552 2341 620 2406 rep.
637 2320 701 2403 l,6
723 2342 824 2404 remp.
846 2341 960 2404 regere
982 2321 1138 2385 nescient.
1172 2320 1268 2385 Fehlt

111 2404 185 2480 bei
208 2418 356 2485 Caesar
378 2418 446 2485 und
469 2419 638 2486 Sallust.

213 2519 302 2590 Hor.
325 2544 377 2609 ep.
402 2524 503 2607 1,17,
526 2524 566 2587 14
593 2523 622 2588 si
644 2525 741 2588 sciret
763 2522 896 2607 regibus
920 2523 979 2586 uti.
1023 2544 1052 2586 a.
1076 2547 1108 2610 p.
1131 2523 1195 2588 390
1215 2545 1267 2589 tte-

113 2617 188 2681 scir
205 2623 325 2688 revorti
348 2625 383 2705 (i.
406 2644 434 2694 e.
455 2642 521 2689 non
543 2625 673 2711 potest).
706 2624 821 2711 Prop.
845 2624 876 2707 2,
895 2624 943 2706 16,
959 2624 1001 2688 32
1023 2626 1128 2690 nescit
1141 2625 1267 2691 abesse.

214 2722 306 2789 Wird
334 2725 605 2810 gebrttuchlicher
628 2727 682 2790 bei
703 2726 863 2791 Livius:
903 2727 930 2809 1,
952 2725 993 2790 53
1016 2726 1073 2812 qui
1096 2763 1135 2773 -
1158 2737 1268 2812 tegere

119 2809 245 2890 liberos
277 2827 393 2892 scient.
451 2829 481 2907 2,
511 2828 531 2891 2
567 2829 693 2897 nescire
728 2828 925 2914 Tarquinios
960 2827 1108 2914 privatos
1144 2829 1267 2894 vivere.

123 2914 158 2994 9»
186 2925 207 2989 3
234 2950 316 3014 quae
349 2929 437 2992 victa
462 2929 630 3016 quiescere
656 2930 788 2994 nesciat.
833 2929 905 3013 9,4
937 2929 1089 3015 quoniam
1116 2951 1156 2993 ne
1187 2930 1267 2995 victi

126 3024 257 3103 quidem
280 3030 430 3116 accepti
452 3030 615 3095 fortunam
639 3030 734 3097 fateri
758 3031 888 3096 scirent.
916 3030 966 3111 22,
983 3030 1021 3093 51
1050 3032 1177 3095 vincere
1192 3032 1267 3114 seis,

131 3116 310 3214 Hannibal,
345 3131 485 3196 victorie
514 3134 562 3197 uti
591 3133 709 3199 nescis.
753 3131 843 3217 (Vgl.
866 3142 965 3196 unten
989 3129 1062 3195 Val.
1087 3131 1176 3196 Max.
1199 3130 1268 3197 und

131 3217 225 3310 Tac.)
262 3231 314 3312 24,
336 3233 379 3297 25
411 3232 594 3298 libertatem
628 3257 688 3299 nec
721 3254 873 3318 spernere
902 3232 1030 3299 modice
1058 3255 1119 3297 nec
1148 3232 1267 3299 hebere

136 3324 244 3396 sciunt.
268 3333 321 3413 38,
336 3334 379 3398 49
400 3354 463 3398 nee
484 3334 661 3421 quidquam
684 3333 772 3399 eliud
794 3335 857 3399 scit
878 3356 974 3421 quam
998 3334 1180 3400 detrectare
1202 3337 1268 3400 vir·

137 3429 222 3492 intes
240 3434 400 3523 (invidia).
434 3437 487 3518 38,
503 3434 545 3500 52
567 3458 664 3521 quam
687 3445 723 3500 ut
744 3457 819 3500 reus
843 3457 914 3500 esse
937 3436 1045 3500 sciret.
1078 3437 1130 3519 45,
1146 3437 1188 3502 32
1209 3438 1266 3524 qui
1322 3426 1325 3431 ’

10 3602 22 3627 .-.
141 3521 261 3599 tducere
281 3535 367 3603 bello
390 3537 496 3602 sciret

222 3633 297 3704 Vel.
320 3639 422 3707 Max.
445 3638 476 3721 3,
497 3639 527 3719 2,
551 3639 569 3702 t
593 3640 666 3725 cepi
688 3660 766 3723 ergo
788 3640 893 3704 virtus
916 3641 1030 3704 nescit.
1067 3641 1098 3722 5,
1121 3641 1149 3722 l,
1167 3640 1195 3703 8.
1234 3639 1266 3720 5,

10 3804 27 3827 Ι,
146 3718 193 3807 ¹⁰2
206 3729 230 3797 3·
247 3738 275 3823 8,
282 3741 312 3823 5,
328 3741 361 3809 6.
384 3741 415 3821 9,
428 3741 458 3821 3,
474 3740 495 3803 2
509 3741 679 3805 consulere
695 3741 800 3823 scitis,
817 3739 982 3804 consulem
996 3740 1105 3805 secere
1123 3740 1267 3804 nescitis.

222 3834 319 3907 Ourt.
343 3843 477 3924 4,1,14
498 3851 532 3906 et
554 3844 684 3907 vincere
707 3853 738 3907 et
760 3840 929 3906 consulere
953 3842 1049 3907 victis
1072 3842 1149 3907 scio.

223 3934 299 4008 Teo.
321 3943 405 4029 Agr.
430 3943 471 4008 15
501 3945 584 4008 mori
614 3967 671 4027 pro
701 3943 807 4029 patria
834 3945 1066 4008 nescientibus.
1117 3941 1148 4005 h.
1175 3944 1203 4022 1,
1225 3942 1268 4006 30

156 4030 265 4106 perdere
289 4046 352 4110 iste
380 4043 476 4126 sciet,
510 4044 631 4109 donare
659 4045 793 4108 nesciet.
839 4045 945 4110 Suet.
969 4043 1036 4110 Jul.
1059 4044 1101 4107 36
1133 4043 1269 4128 negavit

160 4137 470 4210 Quincerescire.
516 4144 684 4226 Quintil.
707 4146 737 4228 2,
760 4147 787 4225 1,
809 4147 840 4211 3.
877 4147 907 4224 9,
929 4146 959 4226 2,
981 4148 1011 4208 4.
1056 4143 1156 4211 Just.
1180 4142 1267 4221 26,3

18 4242 34 4319 4
164 4227 205 4303 iffi
219 4256 263 4308 tu
281 4249 441 4333 imperare
465 4245 529 4310 illis
551 4248 678 4312 nesciet
698 4259 755 4312 out
778 4250 831 4312 cui
854 4268 967 4332 parere
989 4246 1054 4331 ipsi
1077 4244 1191 4309 sciant.

169 4340 366 4482 iutimare
392 4369 455 4413 nur
483 4348 644 4413 Claudian
670 4358 761 4434 nupt.
792 4348 877 4413 Hon.
910 4348 969 4411 186
1002 4368 1116 4411 causas
1139 4346 1269 4431 ignorat
