2948 4988
604 327 832 391 -709-

230 496 351 581 Spater
382 498 498 561 nimmt
530 496 585 560 die
612 495 842 561 construction
874 498 988 560 immer
1020 498 1112 560 mehr
1146 496 1203 579 ab,
1237 496 1290 562 bei

143 587 311 661 Tacitus
344 599 389 663 161
411 601 459 662 616
476 598 599 685 jedoch
621 598 713 662 nicht
733 596 853 661 selten:
888 596 920 659 h.
951 598 985 680 1,
1013 599 1053 663 31
1087 608 1228 683 pergunt
1255 599 1289 661 in

146 709 262 776 castra,
286 701 315 764 si
337 700 457 764 seditio
480 737 519 747 —
543 699 736 764 flecteretur.
769 699 799 776 3,
822 698 864 762 30
886 700 913 762 61
937 699 1153 764 traherentur.
1175 699 1288 763 52611-

144 798 263 884 plurari
290 800 431 886 placuit,
454 803 482 865 si
507 838 544 848 -
568 798 745 867 adirentur.
780 800 910 878 6111,
941 801 993 865 48.
1015 803 1051 882 4,
1074 801 1127 864 49.
1158 800 1213 878 12,
1235 799 1286 863 28.

147 900 190 978 13,
213 902 268 970 40.
293 902 344 980 15,
369 902 418 967 13.
463 900 538 966 Von
561 901 603 964 da
625 902 667 966 ab
690 900 775 965 habe
796 901 849 965 ich
871 923 935 964 nur
956 903 1040 966 noch
1062 902 1178 966 notirt:
1202 900 1287 964 Val.

146 997 273 1067 Flacc.
302 1004 338 1083 5,
368 1003 430 1067 561
458 1003 651 1088 expertique
678 1001 790 1083 simul,
818 1002 845 1065 61
874 1041 913 1052 -
943 1013 1131 1089 sequantur.
1171 1001 1286 1088 Apul.

146 1112 217 1166 met.
241 1105 277 1187 4,
303 1106 319 1167 l
343 1103 591 1190 prospectabam
620 1104 705 1187 loca,
733 1104 839 1168 sicubi
867 1104 952 1168 forte
974 1141 1016 1150 -
1037 1105 1221 1191 reperirem.
1258 1103 1288 1180 9,

143 1201 187 1267 26.
211 1204 298 1289 apol.
316 1226 343 1269 6.
356 1205 406 1269 94.
430 1205 561 1291 Nepos
580 1205 631 1282 23,
650 1205 708 1282 8,l
729 1205 758 1268 si
771 1204 854 1268 forte
867 1204 1159 1290 proficiscerentur.
1183 1203 1286 1268 Flor.

142 1301 167 1386 3,
185 1307 217 1384 5,
229 1306 274 1370 29
285 1307 425 1387 Arabes,
444 1308 470 1370 si
485 1306 562 1393 quid
575 1307 761 1392 imperaret,
781 1315 912 1392 praesto
924 1305 1025 1368 fuere.
1053 1305 1286 1388 Α1161).2,1.

224 1408 306 1473 Erat
335 1408 474 1472 beiden
495 1407 757 1473 Kirchenvatern
781 1408 942 1472 erscheint
964 1407 1084 1470 wieder
1113 1406 1201 1488 (falls
1231 1407 1287 1470 die

142 1504 298 1573 Lesarten
321 1508 456 1594 richtig)
479 1509 536 1573 der
558 1532 616 1574 aus
639 1508 703 1573 den
726 1508 909 1574 Komikern
931 1508 1014 1572 oben
1043 1508 1151 1573 citirte
1173 1508 1285 1571 Indi·

142 1611 248 1674 =ativ
272 1611 317 1674 im
340 1609 542 1674 Nebensatz:
568 1609 736 1674 Tertull.
759 1609 842 1696 apol.
866 1609 907 1671 22
922 1611 1070 1695 quaerite
1092 1612 1118 1674 si
1143 1632 1222 1673 vera
1237 1621 1287 1674 est

142 1707 297 1776 livinius
321 1711 456 1777 Christi.
489 1711 597 1776 Lact.
622 1713 652 1793 4,
671 1712 755 1790 16,9
777 1712 946 1776 videamus
969 1732 1047 1794 ergo
1071 1713 1099 1775 61
1122 1732 1286 1776 sermones

142 1809 227 1878 11116
251 1815 322 1878 veri
345 1823 432 1877 sunt.
474 1811 639 1877 Dasselbe
662 1814 739 1899 epit.
761 1813 812 1891 45,
835 1813 866 1878 5.
1056 1804 1062 1815 ’

291 1972 295 1979 ’
393 1991 426 2060 3.
463 1973 586 2060 'Form
612 1989 675 2059 der
699 1989 1032 2082 Bedtapuapssdtze.

223 2121 253 2199 ξ.
281 2119 356 2183 554.
407 2119 491 2181 Dem
520 2117 824 2203 Bedingungssatze
857 2117 947 2182 kann
980 2120 1038 2183 des
1068 2117 1285 2183 Nachdrucks

147 2222 217 2284 der
240 2220 298 2283 der
314 2218 541 2283 Deutlichkeit
555 2241 669 2304 wegen
685 2221 737 2282 ein
761 2220 1103 2284 demonstrativas
1119 2218 1285 2283 Adverb

142 2344 177 2384 tn
203 2318 412 2405 Hauptsatze
435 2319 650 2407 entsprechen
671 2320 739 2383 und
761 2342 849 2385 zwar

222 2443 252 2485 a.
277 2421 368 2502 Tuos,
393 2421 533 2486 seltener
552 2426 634 2501 1666,
658 2423 702 2486 im
725 2423 862 2486 Ganzen
885 2422 977 2485 nicht
998 2421 1121 2508 hdufig,
1144 2421 1228 2486 doch
1251 2423 1285 2487 in

146 2523 223 2587 llen
246 2522 444 2587 Zeitaltern:
467 2522 595 2587 Plaut.
619 2523 737 2609 Amph.
762 2523 824 2587 933
847 2523 881 2587 id
903 2544 963 2609 ego
986 2524 1013 2587 si
1037 2522 1127 2607 fallo,
1151 2534 1219 2588 tum
1242 2536 1284 2603 16,

142 2645 264 2690 ummo
287 2623 450 2710 Juppiter,
474 2646 594 2711 quaeso
616 2636 675 2690 ctt.
712 2623 787 2689 Aul.
810 2627 843 2708 4,
869 2625 918 2707 10,
941 2626 993 2689 46.
1024 2626 1111 2689 Ter.
1136 2625 1217 2690 Hec.
1244 2626 1285 2690 78

142 2727 160 2790 i
191 2737 330 2813 quaeret
358 2748 424 2809 me,
452 2728 500 2790 uti
523 2736 592 2790 tum
615 2727 716 2794 dicas.
746 2725 897 2791 Cornif.
921 2726 964 2789 ad
987 2726 1067 2790 Her.
1090 2727 1125 2808 3,
1151 2727 1190 2790 21
1215 2736 1284 2790 turn

142 2827 240 2906 alet,
265 2829 303 2891 si.
333 2827 412 2892 Cic.
437 2828 477 2892 de
501 2850 547 2891 or.
571 2827 609 2908 2,
633 2828 674 2892 66
696 2837 765 2891 tum
788 2839 824 2892 ut
846 2826 983 2910 diceret,
1013 2829 1041 2892 si
1070 2826 1151 2914 quid
1174 2826 1284 2905 vellet,

142 2930 161 2992 i
193 2949 312 2992 nucem
340 2929 503 3014 fregisset.
535 2951 603 3015 rep.
633 2929 712 3010 2,9
740 2938 808 2992 tum
836 2928 951 2993 melius
973 2928 1165 3012 gubernari,
1186 2966 1228 2977 -
1257 2931 1286 2993 61

146 3042 232 3095 6661
267 3052 299 3115 p.
322 3031 422 3094 Marc.
447 3031 481 3110 8,
504 3030 546 3095 25
568 3029 626 3094 sed
649 3041 717 3093 tum
740 3029 774 3093 id
798 3029 961 3111 audirem,
985 3031 1013 3094 si
1037 3031 1176 3095 viveres.
1207 3030 1283 3094 fam.

142 3136 169 3211 ἱ,
197 3132 254 3214 ll,
281 3131 302 3194 2
330 3142 398 3195 tum
427 3142 513 3196 66661
542 3130 726 3210 iucundior,
754 3132 792 3195 si.
825 3135 895 3196 Att.
927 3133 981 3215 10,
1006 3132 1083 3215 8,2
1112 3131 1284 3197 consilinm

142 3231 328 3307 studtaaa
353 3243 439 3297 esset
472 3233 632 3319 prudens,
666 3233 704 3296 si.
749 3232 812 3297 Mit
841 3233 1073 3317 umgekehrter
1102 3233 1284 3318 Satzfolge:

142 3356 214 3397 um.
242 3334 298 3415 10,
329 3334 364 3414 6,
392 3335 413 3398 3
441 3334 521 3398 haec
543 3336 571 3398 si
601 3344 633 3397 61
655 3355 733 3417 ages
757 3343 789 3397 61
812 3337 951 3418 6611166,
974 3345 1044 3400 tum
1067 3337 1131 3400 eris
1153 3359 1209 3418 —3
1233 3336 1285 3398 ain

142 3434 248 3517 11161,
272 3447 339 3499 tum
363 3474 403 3483 —
427 3437 498 3499 erit.
543 3434 829 3500 Senatshcschluss
852 3437 1006 3501 ebendas.
1030 3439 1066 3519 8,
1090 3438 1125 3521 8,
1149 3438 1168 3502 8
1191 3438 1220 3500 si
1243 3458 1285 3500 ex

142 3559 172 3600 :o
187 3557 376 3601 1111616-
387 3537 614 3600 adnumerum
629 3558 694 3599 161
709 3548 827 3614 666611,
844 3548 923 3603 turn.
954 3539 983 3602 si
1005 3539 1029 3602 ii
1051 3538 1093 3601 ad
1113 3560 1282 3603 numerum

142 3660 201 3702 161
224 3648 342 3720 essent,
365 3644 440 3703 tuac
462 3638 614 3723 deinceps
637 3638 778 3724 proximi
801 3647 859 3703 ctt.
892 3639 1051 3704 Caelius
1075 3641 1119 3704 ih.
1142 3641 1172 3720 8,
1196 3640 1280 3717 15,1

142 3741 163 3803 ri
189 3741 277 3803 scias
295 3777 343 3817 -,
359 3750 440 3805 tum.
471 3740 578 3823 Virg.
602 3742 684 3803 Α61.
708 3739 737 3818 2,
763 3739 833 3803 189.
866 3739 925 3805 Bei
948 3741 1092 3805 Livius
1114 3762 1177 3804 nur
1198 3740 1282 3804 noch

142 3861 171 3903 n
186 3839 276 3905 alten
292 3840 465 3924 religiiisen
481 3839 773 3904 Schwurformeln:
799 3844 826 3924 1,
840 3842 892 3923 24,
909 3842 929 3905 8
945 3843 973 3905 61
988 3842 1078 3926 prior
1093 3841 1218 3905 defexit
1231 3878 1283 3923 —,

146 3962 208 4005 um
230 3941 287 4006 1116
310 3941 380 4021 die,
411 3941 580 4027 Juppiter,
609 3942 765 4028 populum
787 3942 826 4006 R.
850 3942 896 4005 sic
918 3942 1015 4006 ferito
1039 3951 1095 4006 611.
1127 3944 1159 4021 1,
1182 3942 1280 4021 32,1

142 4043 165 4105 11
188 4062 250 4127 ego
272 4042 393 4107 iniuste
418 4080 456 4090 —
480 4064 637 4128 exposco,
665 4052 734 4106 tum
761 4045 886 4129 patriae
914 4053 1094 4129 conpotem
1120 4030 1174 4105 me
1201 4065 1282 4105 nun-

142 4163 235 4229 qnam
259 4144 332 4207 siris
357 4165 438 4207 esse.
472 4144 522 4223 22,
545 4145 651 4223 53,11
677 4146 705 4208 si
729 4145 833 4208 661616
855 4142 947 4226 fallo,
971 4155 1040 4209 tum
1063 4164 1114 4206 me
1130 4144 1282 4229 Juppitcr

142 4280 180 4298 —.
201 4247 343 4331 pessimo
366 4244 431 4310 leto
454 4246 586 4309 afficiat.
629 4246 735 4330 (Aber
756 4243 847 4308 nicht
869 4243 944 4309 Scn.
967 4256 1032 4308 nat.
1055 4267 1109 4331 qu.
1125 4246 1157 4326 2,
1172 4244 1223 4322 49,
1236 4245 1280 4325 3.)

225 4348 254 4414 b.
284 4346 531 4426 Conclusive
558 4346 729 4411 Partikeln
756 4347 834 4410 oder
860 4346 1138 4410 Nominalt'ormen
1167 4345 1281 4409 stehen

142 4447 295 4511 enweilen
324 4449 368 4511 im
396 4447 632 4512 verneinten
662 4447 783 4532 (selten
816 4449 860 4510 inr
893 4447 1121 4534 positiven)
1155 4445 1281 4532 Haupt
