2948 4988
532 367 572 376 —-
617 328 762 393 679—

20 565 68 631 0.
127 566 223 631 Der
256 565 612 651 Bedingungssatz
646 563 753 628 steht
784 563 834 626 im
868 561 1091 648 Imperfeet
1124 560 1217 626 oder

456 665 839 754 Plusquamperfeot.

152 826 188 873 a.
220 802 399 891 Imperfeet
436 804 469 868 in
504 802 658 887 Haupt·
697 802 765 866 und
798 802 1050 867 Nebensatz:
1088 800 1216 865 Plaut.

37 904 171 972 Asin.
194 906 256 971 143
277 914 376 992 atque
398 928 437 971 ea
458 905 487 970 si
509 914 618 988 erant,
645 927 797 990 magnam
825 902 970 969 habebas
993 902 1144 969 omnibus
1168 902 1218 966 dis

40 1009 213 1089 gratiam
236 1008 372 1092 („wenn
393 1007 438 1072 du
459 1007 519 1073 das
541 1007 681 1085 hattest,
704 1006 861 1072 danktest
883 1005 927 1070 dn
951 1005 1012 1070 den
1029 1004 1217 1089 thtern“).

44 1103 174 1174 Wird
195 1133 261 1176 von
282 1109 403 1195 Liebig
423 1107 514 1174 nieht
535 1130 594 1173 ane
617 1108 744 1174 Terens
767 1107 958 1194 angeldhrt3
985 1108 1040 1173 bei
1061 1107 1217 1174 Luerez

48 1227 122 1271 nur
152 1213 188 1294 5,
213 1211 296 1277 1332
324 1212 455 1298 siquos
477 1219 554 1277 ante
576 1211 665 1276 domi
687 1211 827 1277 domitos
851 1210 931 1277 satis
954 1231 1026 1275 esse
1047 1207 1217 1296 putabant,

55 1306 289 1379 effervescere
312 1313 489 1379 cernebant
517 1313 552 1376 in
573 1314 672 1379 rebus
695 1313 846 1399 agundis.
891 1313 932 1377 In
957 1313 1076 1378 beiden
1098 1310 1219 1376 Sbtzen

58 1410 161 1480 steht
182 1419 225 1500 ai,
249 1417 312 1481 wie
333 1437 421 1481 cum:
441 1415 562 1500 „jedes
578 1415 644 1482 Mal
669 1417 796 1481 wenn“.
846 1416 916 1480 Ans
940 1414 1045 1479 einem
1068 1411 1218 1478 Zustand

63 1510 150 1594 geht
179 1519 233 1583 ein
264 1516 404 1583 anderer
435 1516 689 1583 thatsltehlioher
715 1518 864 1583 Znstand
897 1517 1025 1583 hervor.
1077 1514 1218 1598 Anders,

65 1616 218 1685 namlrch
240 1620 313 1685 rein
334 1618 548 1704 conditional,
577 1620 622 1684 im
645 1619 851 1706 Folgenden:
883 1618 961 1684 Cio.
985 1639 1053 1705 rep.
1078 1619 1106 1694 1,
1128 1617 1168 1680 27
1193 1616 1222 1680 ei

69 1711 294 1787 Athenienses
316 1720 511 1808 quibusdam
532 1722 752 1809 temporibus,
775 1719 906 1787 sublato
924 1721 1116 1807 Areopago,
1138 1716 1222 1807 nihil

71 1814 142 1884 nisi
161 1821 272 1910 populi
295 1823 386 1888 scitis
409 1823 552 1908 agebant
574 1863 614 1872 —
640 1847 706 1890 non
733 1823 867 1889 tenebat
889 1832 1037 1888 ornatum
1061 1843 1154 1886 sunm
1177 1819 1222 1883 oi·

73 1915 176 1989 Vitas.
219 1923 302 1990 Hier
322 1923 406 1989 wird
438 1926 490 1989 ein
518 1925 676 1991 Urtheil
708 1948 768 1990 aas
801 1926 875 1991 dem
902 1924 1090 1990 Nebeneata
1122 1921 1221 2007 abge-

74 2011 177 2091 loiret
220 2026 353 2091 Ebenso
376 2024 470 2090 Verr.
494 2026 540 2108 ΙΙ,
566 2030 637 2110 15.
663 2029 722 2093 148
755 2027 784 2093 si
812 2049 876 2093 non
905 2027 1040 2109 licebat,
1074 2048 1139 2091 non
1167 2047 1222 2089 ne-

75 2134 169 2191 eesse
188 2137 258 2194 erat
278 2136 336 2196 ott.
380 2125 463 2192 Phil.
487 2128 517 2196 2.
540 2132 569 2211 ἓ.
593 2130 632 2194 61
656 2131 685 2194 si
707 2141 740 2196 te
761 2130 1011 2215 municipiorum
1033 2150 1097 2193 non
1119 2127 1221 2214 pude-

77 2212 157 2290 baaz
175 2250 215 2295 ne
236 2230 387 2296 veterani
409 2228 541 2315 quidem
556 2233 721 2298 exereitus
738 2231 821 2314 (soil.
844 2230 1029 2319 pudebat)‘?
1073 2230 1144 2294 Das
1166 2228 1221 2293 be-

76 2314 204 2396 deuter:
234 2353 271 2397 so
306 2329 429 2397 htttest
457 2333 500 2397 du
528 2332 604 2398 dieh
632 2336 829 2420 wenigstens
859 2355 918 2398 vor
945 2331 1009 2397 den
1038 2331 1221 2396 Veteranen

76 2426 229 2498 ⁸0htmen
250 2440 395 2498 miiseen.
440 2434 599 2520 Dagegen
622 2436 714 2520 wbd,
738 2437 800 2500 wie
822 2435 906 2501 oben
928 2435 980 2500 bei
996 2432 1131 2499 Plautus
1154 2432 1221 2496 und

76 2514 210 2615 Luaron,
240 2534 313 2600 eine
335 2533 572 2602 thatstehliehe
594 2537 697 2623 Folge
720 2538 911 2603 bezeichnet
939 2538 972 2600 in
1001 2535 1099 2600 Tuae.
1127 2533 1220 2617 1,17

75 2628 233 2701 rationem
255 2635 306 2702 illi
334 2638 516 2704 sententiae
538 2661 616 2704 snae
638 2662 704 2706 non
731 2640 800 2705 fere
821 2638 1021 2720 reddebant,
1049 2637 1114 2701 nisi
1142 2633 1222 2721 quid

77 2738 152 2798 erat
169 2740 315 2805 numeris
340 2776 377 2787 -
402 2739 642 2827 explicandum.

92 2924 102 2938 ο
161 2837 190 2907 b.
214 2840 434 2927 Imperfeot
455 2843 499 2907 im
521 2843 725 2927 Nebensata,
752 2844 838 2910 Fut.
862 2843 878 2907 l
901 2842 980 2908 oder
1003 2840 1113 2927 Conj.
1133 2841 1218 2927 jus·

73 2940 185 3008 ’Μαι
217 2942 263 3007 im
291 2941 476 3029 Hauptsatz
504 2968 567 3010 nur
588 2947 678 3012 Tae.
702 2970 776 3012 ann.
800 2947 829 3025 2,
853 2946 893 3011 71
922 2946 949 3010 si
980 2965 1060 3030 quos
1089 2941 1221 3027 propin·

72 3040 159 3141 ‘¹3⁸¹'
181 3045 314 3129 sanguis
331 3081 372 3096 -
387 3047 554 3127 movebat,
577 3047 827 3114 illacrimabant.
871 3043 1128 3113 Ebendaselbst:
1151 3040 1221 3107 'vin-

72 3118 230 3213 llssttbitis
252 3166 327 3225 vos,
360 3149 463 3213 sime
489 3188 532 3198 -
559 3150 733 3218 fovebatis.
780 3148 856 3235 Vgl.
879 3149 938 3215 Nr.
960 3147 999 3230 B,
1022 3169 1049 3217 e.
1072 3183 1114 3194 —-
1143 3143 1220 3208 Cio.

11 3278 13 3315 :
71 3220 147 3305 f⁸¹¹¹·
171 3248 203 3332 6,
227 3246 279 3328 14,
301 3247 322 3312 3
345 3249 372 3313 si
395 3251 621 3319 turbidissima
642 3255 806 3340 sapienter
828 3252 973 3336 ferebas,
996 3246 1223 3337 tranquilliora

11 3382 16 3447 ᾗ
42 3320 156 3409 ‘heta
179 3350 280 3414 feras.

11 3452 16 3499 ³
156 3472 186 3517 θ’
220 3451 384 3538 Imperf.
416 3461 461 3524 im
498 3458 700 3541 Nebensata,
739 3456 901 3523 Perfert
937 3457 981 3521 im
1019 3454 1223 3540 Hauptsatz:

100 3530 204 3629 ¹⁸¹1&
227 3569 329 3636 Poen.
351 3568 383 3649 3,
410 3564 437 3643 l,
459 3562 502 3628 23
530 3561 586 3628 sed
609 3563 638 3627 ei
666 3559 866 3648 properabas
889 3559 1010 3644 magis,
1034 3555 1140 3645 pridie
1160 3575 1222 3619 nos

75 3648 106 3708 l⁸
125 3666 309 3738 *dvooatos
331 3668 397 3733 hue
418 3665 554 3731 duxisse
577 3665 729 3749 oportuit

77 3841 84 3856 ,
156 3772 189 3839 d.
211 3769 374 3858 Imperf.
397 3770 443 3833 im
465 3766 667 3846 Nebensatz,
698 3764 893 3852 potentialer
922 3763 1029 3849 Conj.
1057 3758 1221 3844 Imperi.

76 3863 117 3916 ¹⁰¹
138 3862 341 3961 Harpasta:
369 3870 497 3936 Plaut.
520 3868 616 3933 True.
638 3869 669 3951 4,
692 3868 722 3948 2,
745 3868 787 3932 35
815 3869 844 3931 si
866 3863 1000 3930 volebas
1023 3857 1221 3950 participari,

77 3958 217 4040 ‘usuros
240 3974 416 4040 dimidium
437 3973 509 4058 („so
532 3971 655 4036 hattest
677 3969 722 4033 du
745 3977 931 4053 wegtragen
954 3964 1105 4046 sollen“).

161 4096 188 4142 e.
221 4076 385 4165 Imperi.
411 4076 457 4140 im
485 4073 689 4154 Nebensata,
724 4070 922 4135 Praesens
950 4069 994 4132 im
1017 4065 1222 4151 Hauptsatz:

81 4143 162 4269 71:⁰1·
182 4176 312 4245 Phorm.
335 4177 397 4242 361
426 4179 493 4242 iam
519 4171 720 4239 adulescenti
747 4172 793 4237 nil
822 4168 980 4256 estquod
1003 4187 1220 4247 suscenseam,

82 4268 114 4372 ⁸¹·
129 4267 213 4346 illatn
239 4280 349 4346 minus
376 4287 481 4343 norat.
527 4277 605 4341 Cic.
627 4278 694 4341 inv.
720 4275 737 4337 l
760 4277 790 4354 ξ.
813 4274 855 4338 89
886 4274 915 4336 si
941 4270 983 4334 ad
1012 4269 1104 4335 illum
1133 4268 1222 4332 here·

84 4350 163 4441 ⁶¹¹²!
180 4381 349 4465 veniebat,
371 4382 442 4445 veri
464 4379 570 4444 simile
592 4388 643 4442 est
664 4375 707 4441 ab
729 4373 786 4440 illo
808 4384 970 4440 necatum.

162 4481 183 4547 l.
203 4481 524 4570 Plusquamperf.
548 4481 593 4545 im
615 4478 819 4563 Nebensatz,
843 4475 1003 4564 Imperf.
1026 4477 1072 4539 im
1093 4475 1221 4560 Haupt-
