2948 4988
624 320 770 391 —r156
814 358 853 367 -

161 474 253 539 Rede
285 497 366 556 war,
401 474 474 538 dem
508 474 549 537 H.
583 473 783 552 nachstand,
816 474 964 540 veratebt
996 475 1068 540 sich
1103 498 1168 542 von
1201 475 1301 543 solbat

160 577 247 641 deun
270 601 300 640 u.
325 600 350 640 a.
373 576 427 660 w.)
464 576 515 658 66,
538 576 602 641 233
635 597 712 638 nam
740 576 837 639 huius
870 576 1016 663 aequalis
1045 587 1078 643 et
1101 578 1301 645 inimieuaC

160 678 309 743 Fimbria
336 701 401 743 non
430 678 477 740 ila
506 677 562 740 diu
584 679 706 741 iaetare
735 700 770 742 se
792 678 909 763 potuit.
954 678 1037 742 Dies
1060 680 1176 744 wiarde
1197 680 1233 744 in
1255 680 1301 746 der

159 780 257 843 Form
280 781 339 843 der
366 779 584 864 eigentlieheu
607 779 801 843 Praeteritio
824 779 951 843 lauteu:
985 803 1061 844 nam
1083 781 1163 868 quid
1187 803 1249 867 ege
1271 781 1301 845 (11

160 917 201 927 -
224 881 259 944 C.
286 880 433 945 Fimbria
460 882 590 945 dicam?
635 881 675 945 In
704 880 829 946 diesem
852 880 952 946 Sinne
980 881 1168 966 gebrauebt
1195 883 1301 948 Livius

160 983 243 1046 auch
265 984 365 1047 enim:
387 982 417 1059 4,
442 983 473 1064 3,
499 983 540 1045 12
568 981 648 1069 quid
675 983 760 1045 enim
789 982 831 1045 de
852 982 889 1046 Τ.
913 983 1010 1048 Tatio
1037 983 1165 1050 Sabino
1194 986 1301 1051 dieam

161 1106 257 1171 quem
279 1086 350 1171 ipae
373 1083 532 1148 Romulus
554 1121 596 1132 -
618 1085 653 1148 in
683 1084 872 1149 societatem
897 1086 992 1169 regni
1016 1086 1144 1173 aceepit
1167 1087 1235 1170 (wo
1257 1089 1301 1154 da

161 1186 307 1270 Gesagte
336 1186 506 1270 wichtiger
535 1185 698 1249 erseheint
732 1185 781 1249 ala
809 1186 869 1249 das
898 1186 1204 1274 Voraufgehende).
1256 1189 1301 1253 Be

161 1288 302 1352 Cicero
324 1287 412 1351 steht
440 1288 523 1352 euim
546 1310 586 1350 zu
609 1285 794 1351 ahnliehem
817 1287 942 1351 Zweek
965 1310 1028 1351 nur
1054 1289 1089 1351 in
1111 1291 1172 1353 der
1193 1290 1301 1354 Paren

158 1390 265 1453 these:
289 1413 319 1474 p.
334 1387 404 1451 Mil.
420 1388 473 1469 27,
490 1389 541 1452 75.
555 1425 596 1435 -
607 1387 791 1472 Uebrigena
810 1390 856 1454 ist
875 1389 929 1452 die
943 1389 1026 1453 Zahl
1043 1390 1103 1453 der
1115 1390 1245 1457 Stellen
1260 1393 1301 1458 be

159 1492 273 1556 Cicero
295 1491 362 1555 viel
385 1499 532 1574 gresser3
556 1489 638 1553 aueh
661 1490 802 1576 Seyffert
823 1489 880 1553 hat
902 1490 935 1552 in
959 1492 1068 1555 aeiner
1090 1493 1301 1579 aorglbltige:

161 1591 378 1675 Behandlung
405 1590 471 1655 und
494 1589 685 1676 Erklarung
713 1591 772 1655 der
793 1592 973 1677 Occupatio
1003 1594 1064 1658 mit
1085 1616 1166 1659 nam
1188 1594 1301 1678 (Sebo'

161 1694 215 1758 lat.
239 1695 301 1774 l§.
316 1694 374 1778 22)
390 1716 453 1756 nur
476 1694 603 1776 wenige
621 1695 834 1779 besprochen.
864 1692 952 1758 Dasa
974 1716 1113 1777 namque
1134 1697 1169 1761 in
1185 1697 1301 1762 dieser

160 1797 261 1860 Sinne
282 1795 373 1858 nieht
394 1796 576 1880 gebraucht
598 1793 691 1876 wird,
714 1794 772 1859 hal
795 1796 895 1860 sehon
919 1794 1057 1880 Madvig
1079 1797 1248 1863 bemerkt.
1271 1836 1301 1846 —

163 1896 318 1982 Wenigea
345 1898 428 1961 wird
456 1920 514 1961 aus
543 1898 686 1961 anderen
709 1894 967 1961 Schriftstellern
996 1899 1086 1962 eitirt
1107 1899 1177 1963 und
1199 1901 1248 1967 iat
1269 1902 1301 1965 11

163 1998 337 2084 Vergleielr
361 2001 420 2064 mit
442 1999 557 2064 Cicero
579 1998 778 2082 unwiehtig3
801 2021 826 2060 a.
852 1997 951 2062 Hand
972 2000 1003 2082 4,
1026 1998 1060 2064 S.
1088 2001 1182 2065 1511.

246 2101 278 2187 e)
314 2102 402 2167 Nam
436 2101 523 2166 steht
555 2102 589 2165 in
623 2101 682 2164 der
715 2102 907 2164 Anlwort
940 2099 1007 2164 und
1042 2100 1217 2168 bedeutet:
1246 2108 1301 2193 „ja

161 2203 277 2271 denn“.
309 2203 402 2267 Aueh
426 2203 497 2268 dies
520 2204 564 2267 iat
584 2201 654 2266 alae
678 2202 750 2265 eine
765 2200 987 2285 Verkiiraung
1008 2203 1066 2267 des
1083 2205 1287 2272 Ausdrueke

161 2305 292 2371 Plaut.
339 2305 433 2392 Capi.
457 2306 516 2369 891
543 2317 574 2370 le
596 2305 682 2368 faeie
705 2302 886 2367 cellarium.
918 2303 987 2367 ER.
1010 2326 1089 2368 nam
1111 2307 1179 2369 nisi
1202 2307 1301 2374 bere!

159 2409 388 2473 mantieinalua
422 2407 523 2493 probe
557 2428 626 2485 ero,
660 2404 741 2469 fusti
770 2407 901 2490 pectilo.
946 2407 1042 2470 Aueh
1072 2409 1132 2473 mit
1154 2431 1301 2494 reamque

159 2509 249 2572 Trin.
273 2511 343 2575 731.
372 2509 438 2575 mil.
471 2509 561 2575 1226.
607 2508 681 2571 Ter.
712 2505 776 2571 Ad.
804 2507 834 2586 2,
861 2511 889 2587 l,
911 2508 954 2571 35
981 2517 1091 2572 tamen
1125 2510 1189 2575 tibi
1218 2534 1241 2576 a
1262 2534 1301 2577 m

161 2610 248 2674 nulla
276 2622 348 2676 orta
376 2628 425 2675 est
454 2611 581 2674 iniuria.
626 2609 699 2672 ΑΕ.
727 2609 811 2672 Nam
842 2607 951 2672 hercle
983 2610 1081 2673 etiam
1110 2610 1174 2675 hoe
1196 2624 1301 2678 restat

169 2714 236 2780 cie.
260 2715 354 2777 Verr.
377 2696 465 2791 11‚'1
488 2717 518 2793 ξ.
544 2713 604 2778 133
627 2733 712 2792 nam,
737 2709 931 2790 mehercule,
954 2712 1076 2797 inquit,
1100 2714 1150 2777 sie
1172 2736 1301 2799 agamu

164 2816 235 2901 („ja
256 2814 476 2899 walrrhaftig,
509 2838 544 2879 se
573 2811 690 2878 wellen
720 2815 780 2878 wir
803 2835 837 2876 es
861 2814 1040 2895 maehen“).
1085 2814 1158 2896 25.
1182 2817 1301 2897 721111,

160 2917 284 3001 inquil,
319 2915 367 2979 illi
401 2917 518 2980 adesse
550 2939 614 2980 non
648 2924 794 3001 possunt.
840 2915 925 2978 Nam
947 2913 1089 2997 hercule,
1119 2918 1229 3003 inquit
1250 2918 1301 2983 lli·

165 3018 280 3080 nucius
302 3028 358 3083 ctt.
390 3019 410 3082 3
435 3021 465 3099 ξ.
491 3018 550 3082 196
573 3016 652 3080 mihi
668 3016 863 3081 frumentum
888 3039 952 3081 non
968 3039 1049 3102 opus
1071 3028 1137 3100 eat3
1161 3041 1299 3085 nummus

161 3117 245 3184 volo.
270 3156 309 3165 —
334 3119 417 3183 Nam
440 3118 621 3205 sperabam,
646 3121 752 3206 inquit
773 3130 892 3201 arator,
920 3140 972 3182 me
994 3118 1037 3182 ad
1060 3117 1216 3186 denarios
1238 3143 1299 3209 per-

161 3234 342 3286 venturum.
373 3220 416 3284 de
437 3244 483 3289 or.
508 3224 535 3300 1,
559 3221 610 3303 22,
635 3222 694 3286 101
718 3233 786 3284 tum
807 3221 877 3285 ille:
901 3242 974 3283 nam
997 3219 1084 3305 quod
1108 3230 1144 3285 tu
1166 3245 1234 3288 non
1253 3245 1299 3310 pe·

159 3325 239 3388 teris
272 3334 329 3388 aut
361 3325 495 3405 nescies,
528 3325 602 3409 quia
635 3335 784 3389 nostrum
816 3334 885 3386 tam
915 3322 1087 3408 impudens
1115 3333 1167 3413 est
1195 3327 1251 3410 qui
1270 3346 1300 3389 ae

162 3428 246 3491 seire
261 3438 318 3490 aut
333 3448 429 3512 pesse
444 3424 614 3511 postulet?
637 3426 748 3510 (Sinm
768 3428 816 3511 ja,
841 3425 900 3487 das
923 3424 1028 3508 geben
1043 3423 1105 3491 wir
1120 3447 1171 3503 zu,
1195 3424 1299 3508 deun).

160 3529 192 3610 2,
215 3529 266 3607 33,
292 3529 352 3591 144
373 3550 449 3590 nam
473 3526 592 3606 hercle,
615 3528 721 3613 inquit
736 3529 899 3592 Antonius
921 3526 962 3611 (s.
986 3518 1133 3590 daselbst
1153 3527 1300 3611 Piderit).

162 3628 272 3692 Dafiir
303 3628 390 3693 steht
425 3631 525 3693 enim:
558 3651 627 3713 rep.
651 3630 680 3708 2,
707 3632 757 3711 15,
779 3629 820 3691 23
843 3629 963 3692 falsum
996 3637 1046 3691 eat
1068 3629 1165 3707 enim,
1188 3627 1300 3693 Manili

162 3734 227 3814 (we
264 3731 342 3793 aber
364 3729 464 3795 Halm
496 3728 578 3793 nach
611 3729 684 3794 dem
717 3729 869 3816 Palimpa.
899 3729 975 3793 Vat.
1004 3731 1088 3794 enim
1118 3730 1301 3814 gastrieben

161 3832 226 3896 hat.
272 3833 432 3917 Dagegen
459 3831 637 3915 gesiehert:
666 3831 761 3895 Tuae.
794 3835 823 3912 1,
846 3833 875 3910 6,
907 3832 946 3894 10
968 3833 1040 3912 quis
1068 3835 1154 3895 enim
1180 3855 1244 3898 non
1270 3834 1301 3897 iu

161 3936 230 3998 eiua
254 3934 340 3998 medi
363 3934 486 3998 eausa?
565 3932 573 3954 ‘

245 4037 275 4099 5.
318 4036 407 4099 Num
444 4036 535 4101 dient
571 4037 615 4099 im
652 4034 853 4099 Ansehlusse
889 4059 932 4099 an
968 4035 1019 4098 ein
1056 4036 1301 4121 interrogativea

161 4138 341 4202 Fermwort
353 4160 411 4201 zur
423 4137 729 4221 Veraeharfung
745 4137 814 4200 der
830 4139 973 4221 Frage,
990 4136 1100 4200 indem
1116 4158 1151 4200 ea
1167 4138 1301 4221 (9131111-

161 4238 226 4304 lich
242 4240 276 4303 in
292 4238 511 4304 conclusivem
528 4240 644 4304 Sinne:
669 4238 748 4318 also,
772 4240 872 4320 deun)
896 4238 954 4304 auf
974 4239 1068 4302 einen
1089 4240 1134 4301 im
1158 4237 1301 4323 Verigen

161 4339 368 4405 euthaltenen
400 4341 515 4406 Grund
548 4341 710 4407 hinweiat.
765 4341 806 4404 Iu
838 4341 896 4403 der
930 4338 1197 4406 vorklassischen
1230 4340 1301 4405 Zeu

163 4461 227 4503 war
253 4442 306 4505 die
328 4439 513 4525 Stellung
541 4442 649 4507 dieser
676 4441 826 4506 Partikel
853 4441 1085 4527 gleiehg'ultig,
1109 4464 1171 4506 ven
1196 4440 1239 4506 da
1259 4440 1301 4505 ab
