2948 4988
616 116 762 179 μ-307
810 153 846 162 -

142 291 272 350 'tuerat
293 306 345 350 an.
370 285 509 349 trahere.
553 282 716 349 Aehnlich
738 285 796 349 ist:
819 282 947 350 caleo
969 284 1016 349 ita
1038 283 1249 350 bacchantem
1267 321 1304 331 -

142 407 231 453 ron
251 387 349 467 defait
371 385 535 473 plerisque
555 406 608 454 an.
629 385 761 451 adoriri.

251 485 488 573 Urspriinglich
510 487 655 574 poetisch
678 488 723 552 ist
748 487 812 569 fert
832 489 961 553 arsimus
981 512 1009 554 c.
1039 487 1098 552 inf.
1125 487 1193 552 und
1223 485 1305 552 auch

142 591 196 652 la
231 599 356 654 tussert
378 588 497 655 selten:
520 590 625 655 Ovid
646 611 690 655 rn.
716 591 744 670 1,
770 592 785 653 1
810 589 929 654 dicere.
974 590 1108 654 Lucan
1134 593 1161 672 1,
1185 591 1225 654 67
1249 610 1304 652 ex·

142 713 318 757 tremere.
363 691 461 756 Dann
488 690 573 756 auch
601 692 707 757 Suet.
738 691 813 756 Oth.
840 691 861 754 6
894 690 1013 756 tulerat
1039 691 1166 756 animus
1191 727 1228 738 -
1252 712 1304 756 oc·

142 813 295 876 mpure.
1063 807 1068 819 ‘

256 895 350 961 Venit
366 898 403 961 ia
423 901 555 961 mentem
584 917 612 961 c.
640 897 699 960 inf.
729 897 773 960 ist
799 917 913 960 ausser
941 895 994 960 bei
1023 895 1167 960 Cicero
1198 895 1307 979 wenig

142 995 344 1073 gebrauoht
374 997 520 1062 worden:
554 997 679 1062 Plaut.
707 997 800 1063 Trin.
830 999 868 1062 77
899 999 955 1085 qui
984 998 1017 1060 in
1047 1008 1186 1062 mentem
1214 998 1306 1060 venit

142 1093 232 1160 tibi
257 1099 356 1164 istaec
385 1098 474 1164 dicta
504 1099 636 1164 dicere?
681 1100 795 1165 Oel'ter
822 1099 875 1165 bei
905 1100 1062 1165 Cicero:
1096 1099 1189 1163 Verr.
1211 1099 1243 1182 3,
1265 1100 1305 1162 57

142 1195 288 1266 nihilne
316 1199 376 1266 tibi
404 1223 435 1266 v.
464 1203 498 1266 in
526 1224 567 1266 m.
599 1202 835 1268 existimationi
863 1211 940 1266 tuae
967 1200 1158 1267 consulere?
1195 1199 1236 1265 de
1258 1222 1305 1264 or.

142 1295 181 1376 l,
205 1301 256 1367 56
275 1301 352 1390 quid
377 1303 440 1368 tibi
463 1304 496 1366 in
518 1326 569 1393 m.
585 1327 614 1369 v.
637 1305 685 1370 ita
706 1304 929 1390 respondere?
965 1303 1032 1369 div.
1056 1304 1086 1386 2,
1107 1304 1148 1367 26
1171 1302 1249 1389 quid
1271 1302 1305 1365 in

142 1414 202 1462 1¹¹·
237 1428 265 1470 v.
286 1403 480 1471 Callistheni
502 1403 633 1470 dicere?
669 1406 762 1472 Brut.
785 1407 805 1470 6
832 1428 906 1470 nam
935 1405 1014 1471 mihi
1041 1406 1077 1470 in
1106 1415 1137 1470 te
1165 1405 1305 1469 intuenti

142 1503 279 1571 crebro
305 1508 340 1571 in
368 1529 411 1572 m.
444 1529 474 1572 v.
503 1509 621 1572 vereri.
654 1509 731 1573 fam.
753 1509 786 1590 4,
811 1510 900 1590 lul
932 1509 1023 1572 venit
1049 1508 1136 1571 enim
1163 1507 1243 1571 mihi
1272 1507 1305 1570 in

142 1614 200 1665 ¹¹¹·
236 1609 410 1674 subvereri.
444 1610 575 1693 4,13,1
601 1609 795 1696 saepiusque
818 1610 897 1675 mihi
913 1610 1068 1675 veniebat
1090 1611 1125 1674 in
1146 1632 1187 1673 m.
1203 1610 1303 1696 queri.

142 1696 241 1773 Aue
261 1720 406 1796 speterer
428 1711 502 1776 Zeit
523 1710 607 1775 wird
628 1711 734 1776 niehts
757 1712 854 1778 eitirt.

252 1811 424 1880 Consilium
445 1817 505 1878 est:
536 1812 666 1878 Plaut.
696 1813 764 1879 mil.
793 1816 856 1879 344
883 1813 1089 1880 consiliumet
1114 1814 1160 1880 ita
1187 1814 1307 1878 lacere.

144 1897 248 1978 cic.
270 1917 337 1979 Att.
359 1915 436 1997 5‚5‚
455 1916 471 1978 1
496 1915 715 2002 Pomptinium
730 1927 983 2004 -exspectare
1006 1938 1093 1982 cons.
1117 1926 1174 1980 est.
1212 1913 1305 1981 Sall.

145 1995 284 2080 Cam
310 2017 467 2081 nonfuit
493 2016 664 2082 consilium
688 2055 724 2066 -
750 2019 852 2084 otium
880 2028 1058 2083 conterere.
1100 2017 1183 2082 Liv.
1209 2019 1243 2098 l,
1266 2017 1306 2080 27

144 2118 254 2183 e(tus.
279 2128 350 2184 erat
377 2157 419 2168 -
446 2141 486 2184 ea
513 2118 671 2184 inclinare
699 2120 795 2185 vires.
829 2122 881 2203 21,
910 2121 952 2186 63
983 2118 1185 2186 consulatum
1213 2119 1306 2182 inire.

144 2196 216 2289 ⁵29»
242 2218 283 2283 20
302 2220 393 2307 prius
415 2220 539 2286 Locros
562 2221 610 2285 ire
632 2243 728 2306 quam
751 2222 937 2287 Messanam
960 2244 987 2288 c.
1012 2232 1090 2291 erat.
1114 2221 1199 2285 Tac.
1229 2241 1303 2283 ann.

150 2302 186 2385 ¹>
222 2321 338 2386 linde
359 2345 387 2388 c.
410 2323 490 2388 mihi
513 2344 618 2410 pauca
641 2361 682 2371 -
703 2324 843 2393 tradere.

253 2423 426 2492 Cerealium
446 2445 556 2507 sapere
578 2446 604 2490 e.
628 2425 685 2491 inf.
708 2426 752 2489 ist
773 2448 832 2489 aus
854 2425 913 2490 der
934 2425 1021 2490 alten
1044 2427 1119 2491 Zeit
1140 2424 1232 2489 nicht
1253 2424 1305 2488 be-

146 2525 279 2610 zeugt3
310 2526 398 2591 daun
428 2525 507 2591 Cic.
531 2549 562 2613 p.
592 2524 726 2606 Quinct.
758 2528 806 2610 16,
833 2528 875 2593 63
909 2527 1023 2592 eadem
1056 2538 1088 2592 te
1115 2526 1195 2591 hora
1217 2548 1304 2590 cons.

146 2625 307 2712 cepisse,
328 2626 469 2691 hominis
492 2629 666 2715 propinqui
688 2629 835 2694 fortunas
851 2630 1000 2694 funditus
1024 2640 1179 2694 evertere.
1214 2627 1305 2691 Verr.

145 2706 183 2788 2»
218 2730 259 2793 17
282 2730 369 2816 capit
391 2751 478 2793 cons.
502 2752 567 2794 non
595 2730 710 2795 adesse
737 2731 779 2795 ad
807 2731 973 2799 iudicium.
1019 2731 1130 2796 Caes.
1160 2729 1190 2794 b.
1219 2751 1251 2812 g.
1275 2729 1305 2810 7,

146 2809 200 2882 26
239 2829 323 2896 Galli
355 2854 382 2896 c.
416 2841 573 2919 ceperunt
600 2854 642 2896 ex
670 2833 790 2920 oppido
823 2832 1009 2919 profugere.
1055 2834 1092 2897 71
1128 2832 1306 2918 equitatum

148 2930 265 3024 pocta
285 2932 461 2998 dimittere.
512 2933 596 2998 Liv.
625 2935 678 3017 44,
704 2937 752 3011 11,
777 2935 797 2999 6
823 2957 911 2999 cons.
941 2934 1042 3019 igitur
1070 2935 1157 3019 cepit
1180 2970 1218 2980 ·-
1243 2933 1307 2995 iter

150 3032 191 3083 ¹¹1
229 3035 342 3099 urbem
368 3034 565 3120 patefacere.
600 3073 642 3083 -
675 3035 784 3099 Daftir
816 3036 898 3099 wird
931 3057 1012 3101 cons.
1045 3039 1128 3100 inire
1158 3057 1221 3098 nur
1247 3056 1306 3098 aus

152 3112 296 3221 Nepos
317 3135 518 3220 rangefuhrt:
546 3137 577 3218 6,
601 3138 632 3220 3,
659 3140 675 3199 1
704 3138 778 3201 iniit
804 3136 939 3202 consilia
966 3160 1060 3222 reges
1088 3137 1306 3203 Lacedaemo-

154 3223 293 3301 niorum
314 3237 438 3303 tollere.
483 3237 596 3323 (Sonst
617 3240 676 3303 mit
698 3238 771 3302 dom
795 3239 879 3304 Gen.
902 3238 1054 3324 gerund.)

256 3337 576 3406 Gleichbedeutende
591 3340 736 3406 Phraeen
757 3343 817 3405 mit
831 3347 985 3407 sententio
1007 3340 1080 3405 sind
1097 3341 1170 3405 sehr
1186 3340 1305 3406 selten:

165 3420 253 3502 llic.
272 3440 322 3507 off.
345 3442 445 3524 3,33,
465 3444 525 3508 116
547 3445 573 3507 si
597 3442 800 3508 honestatem
823 3445 907 3509 tueri
929 3465 967 3507 ae
983 3444 1122 3509 retinere
1145 3443 1307 3510 sententia

172 3542 234 3599 ⁹⁸¹·
266 3541 413 3609 Cornif.
437 3543 479 3609 ad
502 3543 582 3612 Her.
606 3545 636 3628 3,
658 3546 710 3624 24,
732 3547 775 3610 40
797 3545 945 3632 pluribus
974 3547 1083 3610 verbis
1110 3545 1154 3610 ad
1182 3568 1252 3611 eam
1275 3556 1307 3609 te

178 3620 290 3708 lunari
304 3667 368 3710 non
392 3655 441 3709 est
457 3648 627 3714 sententia.
672 3648 753 3712 Liv.
769 3648 821 3729 21,
837 3648 888 3728 30,
909 3651 919 3710 l
947 3658 1028 3712 sent.
1046 3650 1137 3712 stetit
1158 3669 1304 3734 pergere.

258 3765 284 3829 g.
319 3747 383 3812 Die
407 3746 822 3835 Uebereinstimmung
849 3752 897 3814 im
926 3749 1194 3817 Entsehlusse
1222 3748 1306 3812 wird

197 3826 376 3933 liuttere,
399 3852 543 3932 conitere,
567 3853 723 3934 conspiro,
754 3855 908 3918 consentio
929 3852 998 3915 und
1020 3871 1167 3934 catapano
1189 3872 1305 3934 ausge-

202 3930 305 4033 irlclt,
333 3951 439 4017 denen
466 3952 535 4016 sich
560 3953 717 4017 zuweilen
745 3955 803 4019 der
825 3955 917 4018 Inlin.
949 3951 1124 4038 beigesellt.
1170 3952 1210 4014 In
1233 3972 1305 4014 vor-

205 4031 365 4118 laetanter
395 4053 469 4117 Zeit
495 4052 598 4118 findet
625 4055 693 4119 sich
722 4056 832 4119 lrierzu
860 4078 922 4118 nur
950 4057 1036 4119 eine
1059 4052 1174 4119 Stelle:
1209 4054 1305 4119 Cato

207 4157 239 4229 ll·
256 4149 327 4219 Pliu.
349 4154 380 4219 h.
404 4167 436 4218 u.
459 4156 501 4220 29
523 4159 553 4237 5.
579 4157 617 4220 14
649 4160 801 4222 iuro-runt
830 4161 910 4223 iuter
937 4178 969 4222 ee
996 4157 1152 4222 barbaros
1180 4177 1304 4218 necare.

204 4242 318 4334 Spartieh
345 4257 419 4322 sind
449 4257 530 4321 auch
562 4259 613 4322 dic
641 4259 784 4323 anderen
813 4260 946 4344 Belege:
986 4258 1066 4326 Cic.
1099 4256 1162 4342 leg.
1184 4279 1252 4342 agr.
1279 4262 1305 4342 l,
