2948 4988
618 279 849 346 -152-

161 432 320 499 ebenialls
343 434 404 498 mit
425 455 503 498 nom
526 433 685 516 beginnt).
718 432 798 497 Cio.
821 429 905 496 Phil.
931 432 981 513 12,
1002 430 1026 496 4
1045 440 1079 496 et
1101 439 1138 495 ut
1159 431 1309 496 omittam

160 535 301 622 reliquas
316 545 427 621 partes
443 531 571 599 Galliae
587 534 677 617 (nam
691 544 768 598 sunt
781 554 892 598 omnes
915 532 1035 619 pares),
1059 532 1214 598 Patavini
1226 530 1308 597 alios

159 634 388 716 excluserunt,
418 633 501 700 alios
530 635 705 699 eiecerunt.
748 632 833 718 legg.
861 634 892 715 2,
918 635 933 696 l
958 634 993 697 in
1014 634 1240 721 insula,.quae
1261 643 1309 699 est

160 741 193 802 in
217 738 362 802 Fibreno
389 737 496 821 (nam,
526 737 654 822 opinor,
683 734 744 799 hoo
772 733 821 798 illi
843 733 936 799 alteri
959 734 1084 800 flumini
1106 756 1225 799 nomen
1247 740 1307 817 eat)

160 839 302 904 sermoni
324 838 448 923 reliquo
471 837 585 901 demus
608 858 749 923 operam.
794 835 870 901 Und
892 859 929 902 so
951 836 1053 918 efter,
1077 838 1254 902 besonders
1275 836 1307 901 iu

161 944 224 1006 den
258 938 546 1028 philosophisohen
580 937 756 1011 Schriften.
779 976 819 985 —
852 935 945 1003 Sall.
974 937 1051 1023 Jug.
1074 937 1171 1019 63‚6
1200 946 1306 1003 tamen

162 1045 189 1108 is
213 1043 254 1107 ad
278 1041 312 1105 id
340 1039 485 1105 locorum
514 1039 588 1103 talis
617 1040 669 1102 vir
696 1039 785 1122 (nam
813 1049 927 1126 postea
953 1041 1131 1105 ambitione
1152 1061 1307 1127 praeceps

159 1145 255 1208 datus
279 1146 343 1227 est)
366 1152 477 1229 petere
500 1164 564 1206 nen
587 1141 740 1206 audebat.
786 1142 871 1206 Sen.
895 1164 944 1228 ep.
970 1142 1023 1222 40,
1046 1141 1066 1206 9
1093 1163 1171 1205 nam
1200 1139 1307 1205 (lemi-

159 1269 221 1310 nus
247 1246 385 1309 Varius:
419 1246 580 1330 quomedo
613 1254 670 1307 ott.
703 1243 952 1308 Parenthetiseh
985 1246 1030 1308 ist
1055 1264 1133 1309 nom
1161 1243 1249 1308 auch
1276 1244 1308 1307 iu

161 1348 222 1412 den
240 1345 497 1412 Dichterstellen
520 1344 732 1409 unmittelbar
753 1344 840 1408 naelr
861 1344 921 1408 der
941 1345 1118 1426 Anrede,
1139 1367 1197 1408 um
1218 1343 1310 1409 diese

159 1475 201 1515 zu
223 1450 415 1513 motiviren:
444 1447 538 1532 Virg.
561 1449 604 1511 A.
630 1450 659 1529 1,
683 1448 742 1511 131
769 1445 923 1532 Juppiter
949 1446 1146 1534 (hospitibus
1177 1469 1256 1511 nam
1279 1457 1309 1511 te

159 1553 237 1616 dare
276 1553 349 1614 iura
383 1549 583 1635 loquuntur).
634 1550 666 1632 3,
689 1550 762 1639 314.
786 1547 866 1612 Hor.
900 1548 951 1612 od.
975 1550 1007 1631 3,
1041 1550 1131 1630 11,1
1168 1547 1311 1613 Mercuri

163 1672 251 1725 (nam
281 1663 313 1716 te
340 1652 456 1717 docilis
484 1652 669 1735 magistro).
714 1649 808 1736 epod.
840 1652 889 1730 17,
911 1652 963 1715 45.
1007 1648 1095 1717 Ovid
1125 1662 1201 1715 met
1228 1653 1257 1733 1,
1280 1651 1310 1714 2.

159 1757 209 1818 Zu
237 1753 423 1818 demsolben
447 1752 590 1816 Zweeke
623 1751 715 1816 dient
737 1755 820 1816 auch
848 1774 985 1834 elonque
1006 1753 1078 1816 und¹
1095 1754 1311 1835 aothnenim.

247 1890 283 1971 b)
306 1888 417 1952 Selton
439 1888 523 1951 wird
545 1887 645 1952 naeh
669 1888 759 1951 einer
781 1887 979 1952 Parentbese
1007 1887 1130 1952 wieder
1150 1889 1213 1952 mit
1234 1908 1316 1954 nem

159 1990 378 2077 angokndpft‚
408 1990 582 2054 soheinbar
610 2002 689 2057 statt
727 1993 781 2055 sed
813 1990 893 2054 oder
914 1992 1032 2072 ipitur;
1059 1990 1149 2054 eitirt
1178 1989 1322 2053 werden

159 2118 221 2158 nur
248 2094 329 2156 zwei
356 2090 494 2156 Stellon:
525 2093 594 2156 oie.
622 2117 651 2179 p.
679 2090 791 2155 Plane.
820 2094 872 2170 41,
901 2091 943 2156 98
971 2091 1068 2157 simul
1096 2102 1196 2178 atque
1223 2114 1320 2157 mare

160 2219 212 2260 me
235 2196 391 2260 transisse
413 2196 567 2278 cognorit
591 2194 692 2278 (audi,
715 2193 905 2281 audiatque
927 2193 1060 2258 attende
1083 2232 1121 2242 —
1145 2198 1317 2281 oportere)

161 2320 234 2363 nam
264 2294 362 2360 simul
390 2318 429 2359 ae
456 2318 507 2359 me
535 2295 756 2382 Dyrrachium
784 2297 935 2381 attigisse
962 2296 1106 2379 audivit,
1134 2298 1248 2360 statim
1271 2295 1317 2360 ad

159 2423 211 2463 me
229 2437 264 2446 -
281 2398 446 2484 profectus
460 2410 519 2461 est.
543 2396 625 2461 Hier
638 2396 802 2461 schwebte
824 2398 896 2463 dem
913 2398 1029 2463 Cicero
1051 2396 1110 2461 der
1131 2395 1242 2461 Inlralt
1257 2398 1320 2463 der

159 2500 359 2565 Parenthese
373 2521 443 2580 ror,
465 2498 514 2562 als
531 2520 566 2562 er
581 2501 638 2565 mit
654 2521 732 2564 nent
746 2502 780 2563 in
796 2499 1024 2564 erklbrendem
1037 2499 1136 2563 Sinne
1157 2497 1316 2564 fortluhr.

159 2602 291 2668 Anders
314 2603 367 2666 bei
390 2602 555 2665 Livius:
577 2602 628 2679 22,
651 2602 692 2665 28
708 2601 832 2687 duplex
854 2600 931 2665 inde
954 2600 1133 2667 Hannibali
1155 2603 1313 2686 gaudium

160 2708 223 2770 fuit
246 2709 364 2790 (neque
386 2703 472 2766 enim
489 2702 665 2788 quidquem
690 2741 729 2750 -
753 2701 1004 2789 explorantem),
1028 2726 1102 2767 nam
1125 2714 1158 2768 et
1172 2703 1311 2768 liberam

160 2807 286 2871 Minuci
310 2807 524 2869 temeritatem
553 2826 588 2867 se
616 2827 674 2867 suo
703 2805 800 2869 modo
823 2818 1028 2891 captaturum
1051 2816 1084 2869 et
1105 2815 1162 2869 ett.
1195 2805 1310 2869 Hierin

160 2907 240 2992 liegt
262 2905 369 2970 nichts
393 2906 607 2986 Besonderes,
630 2907 705 2969 weil
727 2905 910 2990 regelrecht
931 2911 991 2970 das
1014 2929 1087 2972 vor
1109 2906 1169 2970 der
1191 2907 1308 2972 Paren-

160 3008 252 3072 these
275 3006 437 3072 Stebende
460 3007 585 3072 erkla'rt
607 3008 699 3072 wird.

245 3147 276 3221 o)
299 3142 363 3205 Mit
384 3164 461 3207 rtem
485 3146 567 3225 qued
587 3144 667 3208 oder
689 3166 767 3210 riom
789 3146 870 3210 illud
888 3143 973 3209 trird
996 3143 1056 3208 der
1071 3145 1201 3230 Beginn
1222 3148 1309 3211 einer

160 3246 411 3333 Exposition
441 3243 636 3329 eingeleitet.
688 3245 731 3311 So
765 3247 903 3331 beginnt
931 3248 1086 3311 Terenz
1119 3249 1163 3310 im
1190 3249 1308 3335 Prolog

161 3348 218 3411 des
252 3346 371 3411 Heaut.
416 3369 445 3409 r.
476 3348 515 3411 16
549 3347 637 3409 seine
670 3346 934 3432 Vertheidigung
968 3350 1028 3412 mit
1060 3349 1123 3412 den
1157 3348 1308 3416 Worten:

162 3471 238 3513 narn
272 3447 359 3535 quod
392 3470 538 3512 rumores
568 3446 766 3513 distulerunt
795 3449 958 3514 malevoli.
1008 3450 1089 3521 cie.
1118 3450 1205 3517 Phil.
1234 3454 1264 3533 8,
1290 3456 1310 3519 5

161 3573 235 3614 nam
263 3549 349 3636 quod
378 3572 430 3613 me
458 3562 564 3614 teeum
587 3551 744 3615 iracunde
772 3573 869 3636 agere
892 3550 1008 3616 dixisti
1034 3552 1152 3635 solere,
1175 3577 1241 3619 non
1263 3565 1311 3620 est

160 3653 217 3714 ita.
262 3652 339 3714 fam.
369 3654 398 3732 1,
422 3656 451 3730 9,
478 3651 516 3715 19
543 3673 618 3715 nam
645 3652 686 3715 de
715 3653 823 3739 Appio
853 3653 940 3740 quod
969 3653 1088 3719 scribis
1118 3694 1160 3704 -
1187 3667 1220 3721 te
1245 3678 1310 3721 non

160 3751 410 3839 reprehendere,
442 3754 571 3839 gaudeo
600 3754 660 3818 tibi
689 3755 860 3820 eonsilium
888 3757 1021 3843 probari
1048 3778 1165 3823 meum.
1215 3758 1309 3823 Eben

159 3878 194 3919 so
217 3855 248 3935 2,
275 3856 325 3933 16,
346 3856 376 3922 5.
407 3857 435 3931 7,
459 3856 512 3938 32,
535 3857 566 3919 2.
603 3859 674 3920 Au.
697 3859 727 3936 3,
758 3859 806 3936 15,
828 3857 859 3921 2.
889 3858 920 3940 9,
947 3859 1009 3943 28,
1043 3860 1073 3923 2.
1096 3897 1136 3907 -
1160 3860 1222 3925 hlit
1243 3859 1304 3926 fol·

159 3957 300 4041 gendem
323 3957 417 4020 illud:
447 3981 477 4043 p.
501 3957 629 4022 Oluent.
653 3960 695 4023 46
725 3981 800 4022 nam
823 3956 904 4023 illud
927 3961 1060 4046 quidem
1082 3961 1215 4025 minime
1236 3983 1309 4047 pro·

164 4059 309 4122 bandum
332 4070 381 4122 est
404 4069 461 4122 cu.
491 4057 576 4144 legg.
600 4062 630 4139 2,
656 4064 706 4141 11,
728 4061 769 4125 28
792 4083 866 4124 narn
890 4060 972 4127 illud
989 4064 1143 4127 vitiosum
1167 4061 1309 4137 Athenis

161 4160 247 4245 quod
264 4199 304 4207 —
320 4159 469 4224 fecerunt
483 4161 708 4225 Contumeliae
722 4162 845 4225 faurum.
868 4163 910 4226 de
932 4186 979 4226 or.
1005 4167 1033 4246 1,
1058 4165 1106 4243 16,
1130 4166 1180 4229 71.
1217 4166 1311 4230 Aber

163 4263 255 4326 nieht
277 4263 310 4325 in
333 4258 508 4347 folgenden
530 4265 611 4327 zwei
628 4262 763 4345 Stellen,
787 4286 835 4328 wo
859 4267 924 4330 iem
940 4265 1072 4351 gelesen
1094 4266 1192 4330 wird:
1215 4265 1310 4332 Verr.

160 4364 191 4444 5,
216 4364 266 4445 19,
289 4364 341 4427 48.
372 4365 426 4426 fin.
450 4364 480 4443 2,
503 4364 556 4444 32,
582 4366 651 4428 104.
675 4410 680 4415 -
