2948 4988
618 335 846 398 ..444-

162 506 207 567 eri
231 506 287 590 qui
310 541 349 551 -
372 502 557 567 tolerarem.
586 503 685 588 Epid.
711 504 770 568 156
794 502 878 582 vide,
903 503 981 590 quid
1004 525 1097 588 agas.
1127 504 1227 569 Most.
1244 505 1299 568 38
1315 512 1348 574 1

161 627 298 690 quaere,
333 607 411 691 quid
445 605 573 671 faciam.
626 605 726 668 Merc.
756 606 818 669 646
846 628 942 690 quum
973 608 1099 694 cupiam
1129 607 1343 676 civitatetn

103 772 109 781 ,
161 709 277 791 cogito.
328 708 448 793 Amph.
478 708 541 771 914
570 704 774 794 periclitatus
804 729 874 771 suun
904 707 1049 771 animum
1084 717 1194 787 tuum,
1229 708 1307 793 qui
1327 740 1348 783 <

161 807 296 875 faceres.
343 808 435 876 Eun.
459 809 512 872 bei
535 807 662 872 Vahlen
685 808 742 889 52,
766 809 827 872 347
851 809 1348 895 exspectan8,simussare21

162 932 245 995 quae
260 910 400 996 denique
416 931 519 996 pausa
533 910 702 995 pugnandi
718 909 820 974 fieret.
851 912 937 974 Ter.
955 908 1060 973 Andr.
1078 910 1153 975 307.
1188 911 1348 988 Herum

161 1013 233 1078 476.
256 1012 320 1075 492
343 1011 408 1075 und
433 1012 527 1075 diter.
724 1016 727 1021 '

246 1113 268 1176 1.
292 1112 608 1197 Uneigentliehe
632 1111 844 1196 Fragesiitze,
866 1114 919 1177 die
943 1114 1042 1178 keine
1057 1116 1213 1179 Autwurt
1235 1137 1348 1193 νεη-

162 1215 295 1299 lungeu‚
332 1215 479 1277 driiekeu
510 1215 573 1279 den
600 1213 711 1277 Inhuit
738 1216 827 1278 eines
858 1214 1020 1280 Verbums
1050 1216 1110 1280 der
1144 1219 1348 1302 geistigffi

161 1317 356 1401 Theuigkeit
382 1315 430 1379 als
458 1315 716 1379 zwcifelhaft
743 1338 816 1398 aus,
850 1317 962 1381 stehen
992 1317 1096 1381 daher
1123 1322 1348 1404 regeireeffl

161 1422 203 1482 im
239 1419 502 1505 Oonjuncxtiv.
556 1417 625 1480 Der
660 1417 844 1503 Hauptsatu
886 1420 930 1484 ist
968 1422 1135 1485 entwedcr
1173 1433 1345 1505 negatis-

162 1522 242 1585 0der
265 1520 399 1606 positiv.

246 1645 276 1684 α.
300 1621 492 1705 Negativ:
528 1620 581 1683 Pl.
605 1620 723 1685 Bacch.
749 1622 811 1684 722
833 1623 955 1705 nescis,
986 1622 1065 1708 quid
1089 1644 1150 1708 ego
1173 1634 1327 1696 acturus

162 1725 233 1790 sim.
280 1722 363 1785 Rue.
388 1723 449 1812 335
472 1733 596 1806 custos,
619 1725 675 1808 qui
699 1722 752 1786 fur
774 1724 831 1805 sit,
860 1724 974 1787 nescit.
1020 1724 1117 1789 Most.
1140 1725 1204 1790 278
1225 1732 1320 1813 quid

161 1825 278 1900 oleant,
303 1822 441 1888 nescias.
472 1823 589 1888 Bacch.
609 1824 689 1887 1133
705 1823 848 1904 huuscio,
865 1824 943 1910 quid
962 1847 999 1890 eo
1017 1848 1099 1912 opus
1115 1829 1169 1891 sit.
1202 1827 1311 1893 Stich.

160 1926 223 1989 356
249 1925 328 2011 quid
357 1926 414 2006 sit,
443 1925 487 1988 nil
517 1928 614 1989 etiam
643 1927 719 1989 scio,
766 1927 857 1990 Asin.
880 1927 944 1990 465
972 1928 1030 2005 sit,
1059 1950 1124 1991 non
1154 1929 1209 2006 sit,
1236 1948 1307 1991 non

161 2026 276 2112 edepol
305 2029 380 2093 scio.
424 2028 490 2090 mil.
521 2028 585 2090 432
612 2048 717 2113 neque
745 2050 819 2109 vos,
848 2030 904 2112 qui
934 2029 1006 2091 sitis
1036 2028 1197 2111 homines,
1223 2024 1302 2093 nevi

130 2203 132 2207 7
163 2151 266 2213 neque
299 2130 376 2192 seio.
422 2129 506 2192 Ter.
539 2128 624 2191 Eun.
652 2129 714 2192 966
748 2131 872 2208 neseis,
905 2131 985 2215 quid
1019 2130 1100 2193 mihi
1135 2129 1300 2215 obtigerit·

161 2231 280 2295 Heaut.
309 2230 372 2293 999
401 2230 552 2311 111111εοί0,
588 2252 673 2293 anne
701 2253 835 2295 uxorem
864 2231 971 2294 ducat.
1023 2230 1104 2295 Hec.
1139 2232 1195 2296 192
1217 2221 1300 2316 quid

161 2334 288 2416 egerint
316 2333 402 2397 inter
430 2354 482 2415 se,
513 2332 656 2395 nondum
693 2333 791 2395 ctiam
820 2333 896 2398 scio.
941 2331 1075 2397 Phorm.
1105 2335 1167 2398 355
1196 2340 1302 2417 neque

160 2436 228 2498 eius
252 2445 377 2519 patrem
406 2456 442 2496 se
470 2435 570 2514 seire,
600 2435 655 2518 qui
685 2432 808 2497 fuerit?
852 2434 955 2500 Andr.
976 2435 1040 2499 503
1062 2457 1127 2500 nun
1149 2437 1219 2499 satis
1235 2439 1304 2495 11¹⁰

160 2537 303 2621 pernosti
327 2536 441 2614 etiam,
470 2535 575 2620 qualis
607 2536 677 2598 sim.
722 2535 785 2597 Mit
813 2539 915 2600 nescio
937 2535 1129 2601 verwundte
1149 2534 1306 2621 negative

161 2635 367 2723 Hauptsittze
396 2637 499 2699 haben
528 2635 692 2700 cbcnfulls-
717 2637 779 2700 den
803 2636 990 2702 Nebensatz
1018 2640 1063 2701 im
1086 2635 1308 2726 (1011111116ἱῖἶ

160 2739 215 2801 ΡΙ.
233 2739 323 2802 'Prin
339 2739 399 2802 227
423 2741 483 2801 huc
505 2761 568 2801 nun
593 2738 695 2823 liquet
716 2760 779 2825 nec¹
798 2740 877 2803 sutis
893 2741 1105 2824 cogitatumst
1120 2779 1160 2788 -
1175 2728 1311 2804 umorin

160 2863 211 2904 une
237 2863 278 2903 sn
306 2843 352 2903 rei
381 2843 515 2925 obsequi
543 2842 649 2925 potius
673 2841 806 2924 parsit.
852 2844 944 2904 Asin.
967 2842 1032 2905 495
1055 2865 1165 2927 quous,
1192 2824 1313 2926 quali-⁶⁵

160 2943 211 3023 sit,
236 2964 299 3005 non
322 2944 424 3005 novit.
456 2942 551 3005 Tunc.
575 2943 635 3005 773
658 2943 736 3027 quid
759 2943 803 3005 sit
826 2943 945 3025 negoti,
969 2941 1072 3006 falsus
1095 2940 1315 3024 incertusque

160 3066 241 3106 suun.
272 3045 358 3107 'l'en
376 3043 495 3107 Hcaut.
520 3044 560 3105 95
582 3065 668 3106 nunc
692 3044 826 3107 habeam
850 3066 961 3126 necue,
984 3045 1183 3109 incertumst.
1215 3020 1314 3106 Und

159 3169 194 3208 su
218 3149 249 3208 iu
275 3147 379 3207 vielen
395 3145 681 3208 sinnverwandten
701 3145 929 3229 Wendungen‚
954 3147 1016 3209 wie
1039 3149 1124 3211 auch
1139 3145 1214 3210 nach
1227 3141 1318 3205 d6⁰

160 3247 277 3310 Verbis
307 3247 366 3310 der
395 3247 728 3330 Verwundcrung
755 3248 820 3310 und
851 3247 909 3310 der
933 3247 1104 3329 Furcht,
1134 3271 1160 3314 z.
1182 3248 1214 3311 B.
1234 3222 1319 3309 Pi·

160 3348 260 3412 Stich.
293 3348 355 3412 268
394 3350 507 3431 miror,
537 3348 616 3433 quid
646 3349 719 3412 siet.
763 3348 863 3437 Mese.
895 3349 954 3411 110
984 3350 1098 3431 timeo,
1128 3349 1203 3436 quid
1221 3334 1321 3411 1161·

159 3452 243 3514 Ter.
268 3448 398 3513 Pherun.
422 3451 484 3513 866
506 3452 616 3531 miror,
640 3448 720 3535 quid
738 3451 815 3514 siet.
860 3449 962 3514 Andr.
985 3451 1049 3515 234
1072 3474 1193 3533 vereor,
1214 3468 1261 3536 qu
1273 3419 1321 3497 id

159 3555 229 3615 siet.
275 3552 350 3616 Und
373 3550 541 3615 {thuliches
568 3552 618 3614 bei
641 3551 758 3614 beiden
783 3551 965 3615 Komikern
988 3555 1064 3616 sehr
1087 3554 1144 3618 oft.

243 3653 413 3718 Nutiirlich
444 3653 530 3716 steht
556 3654 613 3715 der
644 3653 850 3716 lndicativ
884 3654 968 3717 nach
997 3655 1062 3718 den
1089 3653 1212 3719 iiberuil
1235 3650 1323 3737 ἔθ’

160 3755 363 3820 wu'hnlichen
395 3753 651 3837 Verbindungen
681 3757 782 3818 nescio
813 3757 884 3835 quis
915 3756 981 3819 und
1018 3757 1191 3821 tthnlicheu
1216 3733 1326 3818 stffitt

159 3858 247 3921 eines
264 3856 455 3920 indefinitcn
470 3855 679 3936 PronumenS‚
697 3856 780 3919 denn
799 3857 869 3920 dies
885 3857 958 3920 sind
977 3856 1075 3921 keine
1092 3852 1324 3943 Fragesstff·

242 3962 274 4038 β.
298 3958 367 4020 Der
392 3957 573 4042 Hauptsutz
598 3959 640 4020 ist
661 3960 813 4043 pusitiv
836 3958 901 4023 und
926 3958 1053 4023 enthelt
1075 3961 1129 4026 ein
1152 3950 1320 4024 Verbu¹¹¹

158 4061 303 4143 dicendi,
326 4060 466 4138 sciendi,
490 4059 661 4139 audiendi,
688 4061 819 4124 videndi
844 4060 909 4123 und
934 4061 1002 4146 dgt.
1048 4062 1103 4126 Da
1124 4062 1205 4126 auch
1225 4050 1320 4124 diff

157 4184 264 4247 genau
287 4162 347 4223 mit
369 4160 442 4223 dem
466 4171 617 4246 spitteren
641 4161 930 4246 Sprachgebrauch
960 4163 1231 4236 iibereinstimmt,
1272 4152 1316 4205 ⁵⁰

158 4272 308 4348 gentigen
337 4264 388 4326 ein
416 4285 495 4348 puae
522 4261 699 4347 Beispieic:
736 4263 789 4325 Ρ1.
814 4263 912 4328 Merc.
944 4264 1007 4328 940
1036 4265 1128 4344 dico,
1155 4262 1229 4351 quid
1268 4255 1310 4306 ‘³⁰

157 4365 354 4428 advenerim.
395 4366 496 4452 Most.
521 4365 583 4427 932
606 4365 723 4441 dicam,
746 4379 780 4427 ut
802 4365 855 4428 hic
877 4387 928 4428 res
953 4366 1018 4430 sint
1041 4368 1180 4452 quietae.
1214 4351 1299 4427 cjst·
1346 4410 1348 4431 =

158 4467 188 4547 2,
212 4468 243 4547 3,
266 4468 307 4530 23
330 4467 386 4529 sed
410 4477 446 4529 ut
468 4468 520 4546 sit,
544 4466 584 4527 de
607 4489 645 4530 ea
667 4488 702 4528 re
718 4465 860 4552 eliquar.
898 4466 983 4530 Rud.
1000 4467 1082 4553 proi.
1099 4470 1142 4532 64
1156 4461 1291 4531 narrant
