2948 4988
624 331 851 396 „408-

252 501 282 579 ξ.
305 499 378 563 448.
422 499 492 562 Der
513 505 628 563 Accus.
653 522 680 563 c.
705 500 762 564 ins.
792 501 826 564 ia
854 501 1129 568 adverbialen
1152 501 1286 568 Neben

167 610 304 665 satzen
334 601 377 664 ist
406 602 458 664 eiu
488 601 790 686 uugewdhnlicber,
824 605 887 669 seit
919 603 978 667 der
1005 602 1213 668 klassisclren
1235 604 1286 669 Zei

166 712 327 767 aerstreut
349 700 625 767 vorkommender
647 703 867 769 Graecisms,
912 705 960 769 Er
980 705 1085 770 findet
1108 706 1178 770 sich

253 824 282 886 1.
304 822 349 883 im
372 820 643 885 Modalsatze:
666 821 744 887 Cic.
767 845 798 906 p.
815 820 945 887 Cluent.
969 828 1000 906 ξ.
1020 825 1080 890 138
1102 823 1192 910 quod
1207 845 1286 912 saep

167 927 292 988 dictum
320 933 384 986 est:
417 927 452 986 ul
479 944 566 986 mare
592 960 628 969 -
654 935 825 989 ventorum
853 925 885 988 vi
907 926 1028 1010 agitari
1051 936 1152 1013 atque
1174 927 1286 991 turber

165 1029 210 1090 sic
232 1024 386 1111 populum
409 1024 448 1089 R.
471 1046 536 1092 sua¹
550 1035 666 1108 sponte
689 1047 760 1089 esse
783 1025 946 1112 placatum
969 1037 1028 1092 ctt.
1059 1027 1159 1092 Diese
1182 1027 1286 1093 Abncr

166 1129 261 1192 mitet
285 1125 402 1190 beruht
429 1126 489 1188 auf
515 1126 603 1189 einer
626 1126 900 1212 Verwechselung
923 1129 983 1192 mit
1005 1127 1064 1192 der
1086 1129 1286 1216 correspondi

165 1228 288 1294 renden
312 1227 546 1292 Ooordination
568 1227 669 1292 durch
693 1235 780 1294 01-
805 1235 843 1294 el.
887 1230 971 1294 Liv.
995 1231 1025 1310 2,
1053 1232 1102 1312 13,
1127 1232 1147 1296 8
1176 1243 1209 1296 et
1230 1254 1286 1316 pra

165 1354 200 1395 se
223 1332 324 1412 serre,
353 1351 442 1412 quem
465 1330 670 1412 etiamdum,
699 1333 727 1394 si
750 1354 813 1395 non
837 1321 976 1396 dedatur
998 1334 1110 1415 obses,
1138 1355 1197 1419 pro
1215 1344 1286 1419 rupt

164 1433 280 1497 foedus
303 1454 338 1495 se
360 1432 565 1512 habiturum,
592 1433 637 1496 sic
660 1431 805 1496 deditam
829 1473 867 1480 —
889 1435 1111 1498 remissurum.
1157 1433 1286 1499 Ebens

164 1536 198 1598 in
221 1533 440 1598 concessivem
464 1533 577 1597 Sinne:
601 1533 652 1615 23,
678 1533 724 1614 12,
747 1535 768 1597 4
791 1546 839 1600 tot
860 1536 947 1599 acies
969 1540 1005 1600 al
1028 1536 1145 1621 (zwar)
1168 1535 1273 1601 hostin

165 1637 330 1700 exercitus
355 1636 497 1716 delessc,
520 1636 567 1699 ilo
589 1636 723 1700 victoris
747 1638 843 1700 eliam
866 1638 976 1722 copias
1000 1676 1040 1684 -
1064 1638 1232 1702 minuisse.
1268 1635 1286 1702 ἶ

164 1734 447 1823 vergleichender‚
477 1735 691 1820 cigentlicher
718 1737 928 1824 Bedeutuug:
962 1739 1015 1820 33,
1036 1739 1088 1820 45,
1113 1740 1131 1803 7
1160 1744 1196 1803 ut
1221 1738 1286 1802 fer·

165 1837 322 1926 quasdam
346 1837 435 1902 nulla
457 1838 628 1901 mitescere
649 1851 736 1920 arte,
759 1842 804 1904 sic
825 1840 982 1905 immitem
1006 1879 1047 1887 -
1070 1842 1140 1905 eius
1157 1841 1219 1904 viri
1238 1861 1286 1904 αι

165 1963 253 2004 muru
278 1961 359 2003 esse.
404 1939 466 2003 Mit
489 1938 629 2024 Ellipse:
652 1939 705 2021 27,
728 1941 839 2022 34,15
862 1956 898 2006 ut
919 1943 1104 2028 parentium
1127 1942 1286 2005 000νί110.-

166 2045 212 2108 sic
235 2043 360 2128 patriae
385 2079 419 2088 -
446 2039 630 2105 leniendam
652 2063 733 2105 esse.
778 2042 875 2105 Dann
898 2043 1066 2108 unruoch
1089 2045 1143 2109 bei
1162 2043 1249 2108 Tac.

169 2146 248 2228 1,17
273 2165 413 2231 quorum
435 2143 583 2207 favorem
604 2148 639 2207 at
660 2141 833 2227 largitione
856 2155 888 2207 et
909 2144 1035 2210 ambitu
1058 2144 1145 2210 male
1165 2145 1286 2229 adqfi

164 2248 211 2312 ila
236 2270 292 2331 per
313 2248 416 2311 bonas
438 2254 524 2308 artes
548 2245 632 2309 haud
649 2243 878 2330 spernendum.
909 2245 984 2310 Uud
1001 2248 1062 2310 mit
1078 2246 1203 2335 Ellipse
1217 2246 1286 2311 ein

167 2348 333 2413 Infinitivs
355 2346 440 2410 nach
462 2352 511 2411 ut:
541 2345 590 2411 lb.
615 2348 632 2410 7
662 2349 753 2410 l'uere
781 2347 837 2432 qui
865 2347 1037 2412 crederent
1059 2348 1260 2435 Capitonem

162 2451 303 2514 avaritia
340 2460 372 2513 et
400 2447 538 2513 libidine
568 2447 699 2512 foedum
731 2469 770 2510 ac
804 2447 1005 2514 maculosum
1034 2449 1095 2535 (sc.
1120 2450 1232 2536 fuisse)
1271 2453 1286 2513 1

163 2552 361 2638 cogitatione
383 2571 493 2614 rerum
507 2570 664 2613 novarum
679 2548 888 2614 abstinuisse.
911 2573 986 2615 ann.
1008 2555 1032 2630 1,
1052 2552 1091 2615 12
1114 2551 1199 2617 dixit
1218 2551 1285 2614 for

162 2653 315 2717 Tiberius
338 2673 384 2735 se,
407 2662 443 2716 ut
465 2673 529 2715 non
552 2653 612 2716 toti
628 2652 708 2736 reip.
725 2653 912 2738 parem·(sc.
930 2652 1016 2740 esse)
1032 2654 1080 2718 ita
1094 2672 1286 2740 quaecunqe*

163 2777 237 2842 pars
260 2756 324 2818 sibi
347 2753 567 2834 mandaretur,
591 2754 660 2816 eius
683 2750 817 2817 tutelam
841 2764 1080 2840 suscepturum.

246 2874 275 2937 2.
303 2872 353 2936 Im
382 2872 644 2937 Causalsatze
673 2871 803 2955 aufolge
830 2874 922 2936 einer·
940 2872 1214 2954 Verwechselung
1240 2865 1287 2932 rm'

162 2976 221 3039 der
243 2974 478 3039 Coordination
501 2972 603 3038 durch
625 2993 700 3035 nam
723 2973 802 3037 oder
824 2973 930 3054 enim,
964 2974 1118 3040 unsicher
1140 2978 1181 3038 im
1201 2964 1286 3035 Bell

163 3077 277 3161 Hisp.
301 3077 343 3139 22
365 3078 480 3140 idcirco
505 3076 641 3156 011011-
657 3075 840 3160 complures
864 3075 1040 3162 profugere
1061 3079 1096 3141 in
1118 3070 1286 3140 Raeturun

163 3177 218 3264 (al.
241 3178 447 3259 idcircoque).
493 3175 607 3241 Sicher
623 3175 674 3240 bei
691 3175 773 3239 Liv.
790 3177 840 3258 26,
856 3177 907 3255 27,
928 3177 965 3240 12
988 3181 1076 3259 quia,
1100 3178 1128 3242 si
1150 3176 1201 3263 qui
1217 3183 1286 3234 cust

161 3280 279 3344 sissent
306 3277 433 3364 aliqua,
465 3277 553 3342 velut
583 3279 669 3340 feras
698 3276 818 3341 bestias
847 3299 906 3363 per
928 3300 1024 3363 agros
1048 3279 1169 3363 vagari.
1207 3275 1283 3337 bess

161 3381 275 3467 ep.9l,
291 3381 329 3444 13
353 3381 489 3443 erimina
505 3378 640 3444 vitanda
661 3378 844 3465 esse,·quia
863 3377 962 3443 vitari
983 3391 1090 3445 metus
1113 3401 1172 3444 nou
1193 3378 1286 3464 posse

194 3534 196 3536 ·
226 3495 273 3565 ⁰3.
299 3500 347 3563 Im
370 3487 702 3582 Temporalsatze
725 3519 787 3559 nur
809 3498 895 3562 Liv.
911 3499 943 3581 4,
966 3500 1020 3577 51,
1042 3498 1064 3561 4
1085 3520 1153 3564 cum
1173 3486 1286 3560 talaia

162 3639 198 3648 -
223 3600 328 3686 legem
351 3600 523 3684 confestim
547 3599 700 3664 exerceri.
744 3599 776 3691 6,Ι
797 3599 848 3678 27,
871 3599 891 3664 6
919 3620 993 3663 cum
1017 3597 1286 3664 1010110011οβ·

160 3713 226 3766 tam
251 3702 379 3786 plebem
404 3701 559 3764 obiectari
582 3695 657 3762 aliis
680 3709 777 3784 atque
800 3699 872 3763 aliis
896 3700 1057 3766 hostibus.

243 3820 274 3883 4.
297 3820 361 3883 Ein
376 3817 444 3883 Mal
467 3839 565 3902 sogar
587 3818 631 3879 im
647 3817 1044 3903 Bediugungssatze:
1069 3818 1147 3883 Tac.
1169 3836 1231 3882 ann.
1250 3798 1286 3873 2,

159 3922 200 3984 33
223 3922 286 3985 nisi
309 3921 394 3984 forte
417 3919 595 3984 clarissimo
619 3919 736 4004 cuique
758 3918 867 4005 plures
890 3942 984 3985 curas
1009 3958 1044 3969 —
1072 3942 1153 3985 esse.
1211 3927 1222 3946 '

244 4022 311 4085 Fur
325 4020 389 4084 alle
405 4020 495 4084 diese
509 4021 579 4084 vier
595 4019 977 4106 Unregelmttssigkeiten
994 4021 1106 4086 bieten
1128 4019 1195 4085 sich
1207 4017 1280 4082 Aua·

158 4121 234 4208 loga
256 4123 299 4186 im
325 4121 559 4188 Griechischeu
583 4121 665 4185 nach
689 4115 744 4203 ὠς,
768 4121 866 4205 διότι,
890 4119 954 4205 ὅτε,
979 4121 1109 4207 ἐπειδή,
1134 4123 1173 4188 sl.

242 4263 272 4340 ξ.
294 4259 366 4323 449.
411 4258 565 4322 Bokannt
587 4259 644 4339 ist,
674 4257 750 4322 dass
774 4259 807 4322 in
830 4258 934 4321 einem
957 4253 1281 4344 vergleichendeu

159 4359 375 4425 Nebeusatze'
388 4359 445 4424 des
461 4361 579 4428 Aecus.
603 4381 629 4422 c.
652 4360 711 4423 ins.
735 4359 787 4424 bei
810 4356 1006 4444 gleichem
1020 4359 1169 4426 Verbum
1190 4359 1282 4425 letste

159 4482 209 4531 res
234 4460 341 4524 fehlen
374 4460 439 4524 und
471 4458 529 4524 das
562 4460 646 4524 dazu
669 4460 854 4545 gehbrende
877 4461 1014 4548 Subject
1035 4461 1072 4525 in
1093 4461 1160 4528 den
1182 4464 1286 4528 Aecus
