2948 4988
598 350 787 414 ,γ-

115 501 162 565 46
186 501 280 583 mensi
301 501 530 587 praecipientis
546 501 716 567 cuiusdam
740 515 772 566 et
794 501 941 568 docentis
964 513 996 568 et
1010 526 1075 569 non
1098 504 1267 569 vobiscum

117 602 218 667 simul
252 604 498 668 considerantis.
543 602 628 667 Phil.
659 600 753 682 10',5
786 608 949 686 tamquam
978 606 1207 670 extruderetur
1232 608 1267 671 in

116 702 347 769 Macedoniam
380 717 413 772 et
445 727 509 770 non
542 715 656 770 contra
687 705 916 791 prohiberetur
948 706 1122 793 proficisci.
1172 705 1266 772 Ohne

115 806 385 892 voraufgeheude
411 806 729 891 Bedingungsform:
757 828 790 892 p.
814 807 936 873 Scauro
964 812 995 890 ξ.
1019 808 1038 872 7
1067 831 1105 871 ac
1135 830 1175 873 ne
1198 809 1266 873 exi-

117 910 233 973 stimes
256 947 295 958 -
317 931 369 974 me
392 908 516 993 fingere
538 909 648 994 ipsum
669 917 702 971 et
716 930 781 974 non
803 931 826 972 a>
844 931 900 974 reo
914 908 1046 974 causam
1061 931 1265 994 cognoscere.

116 1009 173 1074 fin.
203 1012 234 1093 5,
261 1012 304 1076 30
330 1034 372 1075 an
400 1011 461 1075 hoc
488 1031 736 1096 usquequaque,
765 1009 861 1074 aliter
888 1010 921 1073 in
951 1009 1045 1074 vita?
1075 1020 1107 1075 et
1136 1033 1199 1076 non
1224 1035 1265 1077 ex

115 1113 263 1177 maxima
285 1122 376 1200 parte
397 1112 438 1176 de
463 1119 532 1177 tota
553 1109 740 1175 iudicabis?
769 1109 911 1196 (Madv.)
935 1111 1030 1176 Sall.
1055 1113 1127 1177 Cat.
1149 1113 1201 1197 52,
1227 1115 1265 1177 15

115 1217 212 1297 quasi
232 1235 304 1280 cero
331 1211 409 1278 mali
437 1222 535 1298 atque
564 1210 695 1278 scelesti
722 1214 946 1278 tantummodo
973 1213 1006 1274 in
1033 1214 1115 1279 urbe
1143 1223 1176 1279 et
1197 1236 1262 1278 non

115 1338 177 1403 per
204 1326 306 1383 totam
322 1312 462 1381 vItaliam
499 1315 572 1379 sint.
598 1351 633 1363 -
665 1314 769 1393 Sonat,
790 1313 880 1377 kann
908 1312 962 1378 ich
989 1337 1052 1378 nur
1083 1314 1168 1380 noch
1204 1338 1261 1381 an·

113 1417 251 1482 ffibren:
274 1415 376 1483 Gell.
398 1415 429 1498 6,
455 1419 482 1497 1,
504 1415 525 1481 5
552 1425 590 1481 ut
617 1415 739 1480 veritas
767 1416 811 1480 sit
840 1425 873 1480 et
894 1438 958 1481 non
981 1416 1025 1480 sit
1047 1418 1262 1482 mendacium.

113 1519 249 1606 Lampr.
278 1521 330 1585 Al.
359 1517 435 1583 Sev.
458 1517 509 1583 53.
537 1517 628 1584 Lact.
657 1517 706 1580 ira
734 1515 797 1580 Dei
830 1519 878 1596 17,
902 1518 933 1581 8.
955 1554 997 1565 -
1020 1518 1089 1582 Zur
1117 1517 1263 1583 Hervor-
1364 1522 1367 1527 ’

113 1620 251 1707 hebung
272 1621 331 1686 der
347 1619 521 1686 Correctur
535 1618 619 1704 folgt
641 1618 745 1683 selten
763 1621 868 1701 polius
890 1620 950 1683 aut·
969 1624 998 1684 et
1017 1640 1092 1704 nou,
1119 1621 1180 1685 wie
1196 1620 1263 1685 (lic.

115 1723 159 1789 de
181 1744 228 1788 or.
254 1725 282 1805 1,
304 1722 355 1787 22.

201 1823 290 1889 Statt
320 1830 350 1890 et
379 1844 445 1888 uon
471 1823 562 1887 dient
585 1823 707 1910 jedoch
736 1822 884 1907 haufiger
911 1844 949 1888 ac
976 1843 1054 1905 nou,
1083 1845 1138 1887 um
1165 1824 1289 1889 einen.

115 1928 282 2013 positiven
310 1925 439 2011 Begriff
463 1923 566 1989 durch
594 1926 688 1989 einen
717 1926 892 2009 negativen
923 1947 963 1988 zu
991 1924 1156 1989 erlautern
1184 1927 1263 1990 oder

115 2029 191 2093 eine
213 2027 339 2093 seleche
361 2027 629 2112 Voraussetzung
652 2049 693 2089 zu
716 2024 924 2110 widerlegen.
962 2025 1027 2090 Die
1051 2028 1148 2092 Form
1170 2032 1264 2110 atque

115 2150 184 2195 aon
218 2128 322 2193 findet
354 2128 423 2194 sich
456 2128 490 2191 in
519 2128 625 2192 dieser
646 2120 842 2211 Bedeutung
867 2149 928 2191 nur
956 2127 1009 2193 bei
1038 2128 1111 2192 dem
1138 2128 1263 2193 alteren

115 2230 257 2296 Plinius.
313 2230 401 2295 Ter.
434 2228 554 2294 Heaut.
587 2230 618 2310 4,
640 2228 713 2312 4,6
747 2228 908 2315 decipiam
938 2251 977 2294 ac
1016 2252 1082 2295 non
1121 2232 1260 2295 veniam.

112 2333 200 2398 Eun.
224 2334 253 2414 1,
276 2333 307 2415 2,
328 2331 422 2398 5951
449 2329 546 2394 fidem
574 2331 692 2396 habeat
721 2369 758 2379 -
782 2352 820 2395 ac
846 2353 910 2395 nou
939 2330 974 2395 id
1002 2340 1134 2396 metuat.
1180 2332 1267 2405 (lic.
1401 2368 1405 2375 ·

111 2434 202 2520 legg.
227 2436 256 2511 1,
278 2433 331 2515 20,
353 2434 396 2498 54
422 2454 617 2520 perparvam
640 2454 742 2495 -ac
774 2455 839 2497 non
867 2454 938 2496 eam
969 2454 1060 2519 quae.
1105 2431 1262 2499 Ibid.:si

110 2536 211 2602 re'ac
233 2558 298 2601 non
321 2534 431 2600 verbis
455 2534 661 2599 dissiderent.
706 2534 791 2598 Sest.
813 2533 854 2597 43
881 2534 977 2597 homo
1005 2544 1114 2598 castus
1136 2556 1175 2597 ac
1196 2558 1262 2600 non

111 2636 265 2724 cupidus.
288 2635 358 2701 Mil.
373 2635 416 2701 34
430 2635 607 2699 orationem
624 2633 774 2700 stabilem
791 2657 828 2699 ac
844 2656 908 2698 non
924 2642 1089 2699 mutatam.
1114 2660 1146 2723 p.
1164 2635 1260 2701 domo

107 2740 164 2821 50,
189 2739 250 2803 128
266 2737 308 2801 de
322 2738 443 2803 nostris
465 2736 600 2801 aedibus
622 2759 660 2800 ac
681 2759 745 2800 non
757 2736 799 2800 de
820 2735 959 2821 publicis
975 2736 1114 2821 templis.
1134 2736 1256 2822 Sulpic.

108 2864 164 2925 ap.
187 2840 256 2905 Cic.
280 2839 357 2903 fam.
374 2838 404 2916 4,
428 2840 460 2919 5,
479 2838 593 2922 14.leg.
617 2860 686 2922 agr.
710 2839 741 2917 2,
757 2839 798 2902 37
820 2839 849 2902 si
870 2836 931 2901 hoc
947 2836 1139 2902 dissuadere
1156 2850 1206 2902 est
1221 2862 1259 2902 ac

107 2964 176 3007 non
200 2940 387 3006 disturbare
402 2952 499 3026 atque
514 2949 711 3026 pervertere.
757 2939 852 3003 Eben
869 2960 904 3004 so
919 2939 1001 3002 nach
1019 2940 1258 3025 voraufgehen-

109 3045 185 3108 dem
208 3045 253 3107 si:
276 3051 360 3128 part,
384 3041 506 3123 or.39,
532 3041 600 3105 136.
645 3041 740 3104 Verr.
765 3040 808 3105 ΙΙ.
834 3042 862 3123 1,
886 3043 938 3122 31,
962 3041 1013 3107 80.
1051 3041 1079 3125 1,
1103 3042 1134 3122 4,
1159 3042 1188 3105 9.
1227 3045 1257 3123 3,

109 3146 166 3228 30,
188 3144 239 3206 72.
282 3144 334 3224 47,
365 3144 435 3209 113,
459 3165 491 3205 n.
521 3143 552 3206 d.
575 3141 605 3221 2,
628 3143 659 3222 6,
686 3143 734 3205 17.
766 3141 842 3207 fam.
871 3143 900 3218 3,
923 3143 953 3221 2,
976 3143 1006 3206 2.
1043 3166 1075 3229 p.
1099 3142 1194 3208 domo
1217 3145 1259 3208 50

108 3248 140 3311 si
164 3242 223 3308 illa
244 3243 300 3308 lex
321 3254 370 3308 est
391 3265 429 3309 ac
451 3266 515 3308 non
538 3265 605 3308 vox
627 3241 760 3307 sceleris
782 3252 838 3307 ctt.
863 3281 903 3291 -
926 3243 1017 3307 Nach
1040 3247 1143 3326 quasi,
1166 3248 1259 3327 quusi

108 3366 203 3413 uero:
230 3345 328 3410 Rosc.
356 3348 430 3410 Aru.
454 3346 496 3409 33
525 3346 617 3430 quasi
646 3367 732 3408 nunc
761 3343 796 3408 id
823 3355 940 3429 agatur
970 3383 1006 3393 —
1037 3368 1075 3409 ac
1103 3369 1167 3410 non
1196 3347 1258 3412 hoc

106 3454 296 3535 quaeratur.
342 3445 403 3532 leg.
434 3468 503 3530 agr.
531 3446 563 3528 2,
591 3447 642 3529 26,
666 3446 715 3510 70.
740 3445 832 3510 Verr.
862 3445 909 3527 11,
935 3448 963 3529 1,
989 3448 1028 3511 13
1056 3449 1151 3533 quasi
1179 3470 1257 3513 vero

106 3549 146 3614 id
170 3586 209 3596 —
233 3549 350 3614 fecerit
376 3569 416 3613 ac
443 3569 507 3611 non
536 3548 739 3634 apertissime
762 3585 803 3595 —
825 3547 1024 3635 compilarit.
1041 3586 1081 3595 —
1104 3550 1157 3613 An
1186 3550 1256 3613 drci

106 3648 233 3718 Stellen
266 3651 322 3716 hat
353 3649 468 3715 Cicero
496 3651 605 3732 potius
636 3649 852 3734 hinzugeliigt
885 3649 952 3714 und
988 3672 1075 3714 zwar
1108 3651 1142 3714 in
1174 3653 1255 3715 zuei

104 3754 347 3837 Fragestttzen:
370 3752 464 3815 Verr.
488 3752 518 3831 3,
542 3752 593 3829 79,
620 3751 686 3815 183.
722 3751 872 3831 051112,
897 3753 926 3834 6,
953 3754 991 3816 12
1013 3751 1081 3815 und
1104 3751 1188 3817 nach
1209 3757 1255 3818 si:

103 3853 194 3918 Phil.
218 3853 249 3933 8,
272 3853 303 3934 3,
324 3853 353 3919 9.

73 3950 86 3967 ’
195 3952 304 4017 Caes.
328 3954 359 4019 b.
382 3977 413 4038 g.
436 3954 467 4037 3,
489 3954 531 4018 25
554 3962 738 4018 constanter
760 3977 797 4019 ac
820 3978 884 4020 non
907 3956 1030 4020 timide.
1066 3955 1160 4020 Sall.
1177 3957 1253 4041 Jug.

104 4058 141 4138 4,
167 4055 188 4120 8
211 4054 293 4119 nach
310 4057 446 4138 proinde
468 4057 569 4137 quum.

199 4155 285 4219 Liv.
309 4157 338 4236 8,
361 4156 401 4220 27
424 4157 515 4221 uelut
539 4156 687 4220 destituti
710 4179 747 4221 ac
769 4180 832 4221 non
856 4159 910 4242 qui
934 4160 994 4243 ipsi
1018 4158 1254 4223 destituissent.

102 4262 139 4342 8,
165 4259 207 4322 31
230 4258 421 4342 magistrum
445 4260 588 4343 equitum
606 4280 644 4320 ac
659 4280 722 4322 non
739 4282 911 4324 accensum
935 4260 1113 4325 dictatoris.
1137 4260 1190 4338 24,
1213 4263 1253 4326 37

99 4358 257 4426 volentes
280 4381 402 4423 acuon
427 4360 547 4425 coacti:
577 4358 662 4423 Val.
685 4359 782 4428 Max.
812 4363 841 4437 5,
864 4362 884 4424 3
908 4369 973 4425 ext.
997 4361 1018 4424 3
1040 4360 1121 4423 nach
1143 4363 1181 4426 si.

197 4457 263 4523 Die
290 4459 410 4526 Stellen
445 4460 504 4524 des
536 4461 659 4526 alteren
692 4459 817 4526 Plinius
852 4463 912 4525 mit
944 4467 1036 4544 atque
1066 4484 1131 4527 uera
1163 4465 1254 4548 giebt
