2924 4994
608 313 840 378 -780-

52 530 60 544 .
152 506 222 548 esse
244 482 386 547 maritas.
432 482 518 547 Sen.
548 481 638 546 elem.
669 484 700 562 1,
731 484 767 566 9,
793 484 814 548 3
847 504 907 568 ego
935 502 1160 568 percussorem
1188 501 1291 544 meum

153 607 301 650 securum
332 583 499 649 ambulare
530 585 655 671 patiar,
689 605 740 649 me
774 581 938 650 sollicito?
991 583 1128 648 Lucan
1159 582 1197 662 6,
1228 582 1293 647 142.

153 688 255 752 Plin.
280 688 309 751 h.
335 709 366 750 n.
390 686 409 750 8
432 685 671 767 §.retusam
690 687 777 750 -in
802 683 922 772 templo
946 685 1043 750 Sanci
1067 684 1205 751 durasse
1227 707 1294 770 pro·

152 790 250 854 dente
279 811 314 853 se
342 797 454 853 auctor
482 796 531 852 est
559 787 603 850 M.
631 786 746 853 Varro.
798 787 838 851 10
866 790 896 870 ξ.
919 787 959 851 21
989 786 1193 875 absumique
1213 789 1293 874 (eos)

153 893 251 956 etiam
273 913 308 955 se
331 890 535 976 inspectante
556 891 689 976 patitur.
1275 920 1280 928 ·

237 992 268 1056 b.
307 990 382 1056 Viel
410 991 550 1056 seltener
578 1014 618 1055 zu
647 991 751 1055 einem
773 991 973 1077 Particip:
1008 991 1103 1059 Hor.
1128 1015 1158 1057 a.
1183 1015 1215 1079 p.
1240 992 1295 1055 113

152 1093 303 1159 laudator
336 1094 491 1180 temporis
519 1092 583 1156 aeti
612 1114 648 1156 so
675 1115 785 1181 puero.
837 1092 945 1158 Suet.
976 1092 1047 1158 Cal.
1077 1094 1122 1159 35
1150 1092 1237 1181 qnod
1264 1113 1295 1157 se

152 1195 270 1262 edente
302 1218 420 1260 munus
457 1196 641 1280 ingressum
675 1195 863 1281 spectacula
894 1192 1099 1261 convertisse
1133 1196 1295 1261 bominum

152 1320 272 1364 ora-
295 1295 538 1363 animadvertit.
575 1295 771 1361 Claudian
797 1297 844 1376 19,
867 1297 888 1361 9
909 1296 1018 1363 illatas
1041 1296 1158 1364 consul
1181 1319 1295 1385 poenas

152 1422 187 1465 ae
209 1398 343 1467 consule
366 1399 473 1466 solvit.

236 1503 268 1566 2.
306 1501 375 1564 Der
403 1499 512 1565 Inhalt
539 1500 596 1580 des
630 1499 708 1565 Abl.
741 1499 844 1567 absol.
878 1500 938 1565 soll
970 1502 1295 1570 nacbdrticklicb

152 1602 491 1688 hervorgehoben
519 1601 664 1681 werden,
694 1600 839 1668 weshalb
869 1602 1018 1668 derselbe
1045 1605 1081 1668 in
1110 1605 1171 1670 der
1198 1603 1295 1690 Regel

152 1705 361 1790 voraufgebt.
406 1703 487 1769 Fast
515 1705 599 1769 ohne
621 1704 811 1769 Ausnahme
839 1704 882 1769 ist
909 1704 969 1770 das
992 1704 1142 1790 logisobe
1165 1708 1296 1795 Subject

153 1808 210 1872 des
232 1807 405 1872 absoluten
429 1807 542 1872 Satzes
566 1808 617 1871 ein
642 1807 873 1872 Pronomen.
917 1807 1038 1872 Zuerst
1060 1807 1114 1872 bei
1139 1809 1294 1876 Cicero:

152 1933 184 1995 p.
208 1909 291 1974 Sest.
315 1912 343 1990 §-
365 1910 407 1974 54
430 1910 538 1974 statim
562 1930 614 1973 me
636 1907 785 1995 perculso
807 1908 849 1973 ad
871 1929 978 1974 meum
1002 1911 1199 1996 sangninem
1221 1912 1294 1977 hau·

152 2010 302 2076 riendum
331 2021 364 2076 et
392 2011 537 2098 spirante
566 2012 664 2076 etiam
692 2031 760 2097 rep.
790 2010 833 2074 ad
862 2014 932 2076 eius
961 2011 1069 2098 spolia
1097 2013 1296 2081 detrahenda

153 2113 403 2180 advolaverunt.
440 2136 471 2197 p.
495 2113 591 2178 Caee.
615 2116 646 2193 ξ.
672 2113 710 2177 77
733 2113 804 2198 ipso
827 2122 1001 2198 praesente
1023 2114 1066 2179 de
1089 2116 1215 2183 virtute
1233 2119 1295 2182 eius

155 2254 190 2265 -
216 2214 361 2280 timidius
390 2213 541 2283 dicerem.
587 2238 619 2302 p.
649 2212 741 2279 Sulla
767 2216 796 2295 ξ.
822 2213 865 2278 58
892 2237 965 2280 ῃοη
985 2219 1154 2284 commisit
1181 2230 1217 2285 ut
1250 2220 1294 2286 sui

153 2328 378 2406 procuratores
407 2317 585 2403 quidquam
613 2318 737 2399 oneris,
765 2315 901 2383 absente
928 2339 977 2400 se,
1008 2321 1225 2388 sustinerent.
1265 2346 1293 2409 p.

154 2419 242 2487 Cael.
265 2423 294 2501 ξ.
313 2419 352 2482 18
375 2440 439 2482 non
454 2417 551 2483 modo
574 2419 783 2505 permittente
805 2429 913 2504 patre,
938 2418 1114 2486 sedetiam
1130 2422 1291 2504 suadente,

154 2522 196 2585 ab
220 2543 257 2585 eo
280 2520 481 2603 semigravit.
527 2518 610 2584 Phil.
640 2520 660 2584 3
687 2523 719 2600 ξ,
739 2519 781 2583 36
809 2519 860 2584 dis
888 2520 1096 2604 iuvantibus,
1127 2526 1223 2592 nobis
1252 2527 1290 2591 vi·

153 2623 332 2709 gilantibus
349 2634 434 2686 et-
453 2621 716 2707 providentibus,
733 2623 852 2708 populo
868 2623 907 2687 R.
924 2615 1165 2710 consentiente,
1182 2629 1288 2692 erimus

153 2725 300 2811 profecto
323 2724 417 2789 liberi
440 2726 532 2790 brevi
555 2733 709 2811 tempore.
743 2720 785 2787 11¹
804 2728 833 2805 ξ.
848 2725 890 2790 23
913 2746 1007 2790 nemo
1023 2729 1086 2792 erit
1109 2731 1166 2816 qui
1189 2730 1287 2794 credat

153 2837 185 2892 te
208 2828 313 2895 invito
336 2827 538 2911 provinciam
563 2825 622 2890 tibi
646 2847 716 2891 esse
739 2825 912 2895 decretam.
957 2826 1035 2895 fam.
1059 2830 1088 2907 5,
1116 2830 1147 2912 8,
1170 2832 1191 2897 5
1213 2852 1286 2896 amc

155 2938 306 3014 suscepta
334 2928 480 2993 defensio
510 2938 572 3008 est,
601 2937 633 2992 te
657 2929 807 3007 absente,
838 2928 1011 3014 dignitatis
1041 2940 1128 2995 tuae.
1176 2933 1224 3016 16,
1245 2932 1285 3014 26,

159 3032 174 3092 1
198 3052 262 3093 non
284 3039 376 3114 potes
401 3030 543 3114 effugere
566 3029 661 3094 buius
684 3029 798 3115 culpae
813 3051 965 3116 poenam,
989 3040 1022 3095 te
1045 3042 1192 3118 patrono.
1229 3036 1283 3099 Att.

157 3130 210 3214 10,
232 3130 268 3213 4,
292 3131 311 3194 6
335 3152 385 3193 me
408 3132 529 3195 libente
558 3132 676 3215 eripies
706 3133 783 3196 mibi
806 3131 892 3196 bunc
919 3154 1076 3222 errorerg
1122 3136 1177 3219 15,
1201 3133 1284 3216 11,2

154 3232 324 3295 constituit
352 3231 452 3317 igitur
480 3243 516 3297 ut
544 3231 612 3297 ludi
642 3234 776 3300 absente
804 3256 840 3297 se
867 3234 984 3298 fierent
1012 3257 1072 3300 suo
1095 3240 1232 3303 nomine.
1253 3271 1282 3283 -

153 3333 255 3397 Diese
278 3333 410 3398 Sataart
431 3334 514 3398 fehlt
537 3336 589 3398 bei
606 3334 740 3417 Caesam
765 3359 792 3401 s.
816 3336 898 3400 liber
920 3336 978 3400 ibn
1001 3337 1059 3401 Nr.
1083 3338 1115 3403 4.
1138 3379 1181 3390 -
1203 3335 1280 3405 Sall.

154 3436 225 3501 Cat.
253 3437 311 3517 48,
341 3437 358 3499 l
387 3458 449 3522 quo
478 3434 609 3500 facilius
636 3437 800 3524 appellato
827 3438 945 3503 Crasso
972 3477 1005 3486 -
1037 3438 1181 3527 reliquos
1211 3439 1280 3505 illius

156 3540 301 3623 potentia
324 3547 455 3621 tegeret.
493 3537 597 3602 Ovid
621 3561 682 3603 am.
705 3540 736 3623 2,
762 3540 810 3619 12,
836 3540 875 3604 13
897 3562 948 3604 me
965 3540 1050 3606 duce
1065 3542 1108 3606 ad
1132 3545 1212 3609 hane
1226 3539 1280 3605 voti

156 3641 267 3719 finem,
291 3661 342 3702 me
365 3637 467 3702 milite
491 3640 574 3706 veni.
612 3651 688 3706 met.
711 3643 742 3724 3,
765 3641 829 3706 459
852 3642 1003 3706 lacrimas
1025 3647 1156 3729 notavi,
1180 3667 1227 3709 me
1246 3642 1278 3706 la·

157 3742 328 3817 mimante,
352 3749 435 3804 tuas,
467 3741 554 3809 Son.
571 3743 628 3810 vit¹
654 3743 683 3810 b.
698 3743 787 3825 2Ο,3
810 3742 930 3829 populo
953 3754 1038 3809 teste
1061 3746 1134 3810 fieri
1158 3748 1277 3816 credam.

156 3842 315 3928 quidquid
343 3864 395 3906 me
422 3845 551 3907 conscio
578 3843 707 3910 faciam.
751 3867 801 3930 cp.
830 3844 887 3926 24,
910 3847 932 3909 4
959 3849 988 3911 si
1010 3846 1061 3927 id,
1090 3858 1124 3913 te
1146 3849 1277 3923 faciente,

156 3945 302 4028 patiaris.
347 3945 435 4011 Tac.
464 3943 541 4008 dial.
568 3946 603 4008 ll
633 3968 716 4032 quae
745 3948 841 4010 etiam
870 3970 921 4011 me
948 3948 1081 4015 nolente
1109 3954 1143 4016 in
1165 3953 1277 4016 domun

157 4066 259 4108 meam
288 4045 481 4131 irrumpunt.
527 4046 632 4130 (Aber
658 4047 748 4112 nicht
776 4048 850 4113 hist.
883 4051 915 4127 1,
940 4051 984 4134 7.)
1029 4052 1051 4118 J
1059 4075 1173 4119 uven.
1197 4046 1277 4132 13,3

157 4167 191 4207 se
207 4146 313 4210 iudice
335 4170 429 4211 nemo
452 4170 569 4213 nocens
586 4148 777 4215 absolvitur.
808 4151 847 4215 In
870 4152 1029 4217 maneben
1047 4154 1154 4220 dieser
1176 4152 1277 4220 Stellen

156 4247 267 4311 wtirde
301 4248 353 4311 die
393 4249 593 4334 regelrecbtc
629 4251 858 4318 Construction
893 4253 1096 4320 unbeholfen
1129 4257 1206 4321 oder
1235 4275 1278 4317 nn·

156 4345 231 4410 klar
254 4349 330 4413 sein.

240 4451 268 4514 3.
311 4450 380 4514 Der
407 4452 555 4518 absolute
585 4455 662 4520 Sata
693 4455 784 4520 dient
812 4480 852 4521 zu
880 4479 1108 4542 genenerer
1135 4461 1280 4527 Zeitbo·
