2948 4988
600 299 829 363 -687-

223 468 263 533 L.
294 469 387 534 Piso
416 468 542 552 Frugi
570 490 622 554 ap.
652 467 737 533 Gell.
769 469 823 547 11,
860 469 913 551 14,
948 469 969 531 2
1002 470 1032 533 61
1058 470 1143 534 istuc
1172 491 1284 534 omnes

142 569 285 635 romines
308 571 440 650 faciant,
463 570 576 634 vinum
599 568 698 633 vilius
722 570 773 633 sit.

222 672 338 736 Lucr.
364 672 402 755 3,
424 671 488 735 900
509 671 537 735 61
560 660 702 735 videant¹
718 707 757 717 -
781 669 973 736 dissolvant.
1007 671 1089 736 1069
1117 672 1145 735 si
1174 670 1285 736 videat

142 812 176 819 -
201 772 345 838 studeat.
375 772 406 856 6,
429 772 581 837 65311111
604 773 699 837 61161.

225 875 288 938 Bei
311 873 452 940 Cicero
474 873 587 958 haufig
609 872 675 937 und
699 874 732 937 in
751 873 848 960 jeder
863 872 1011 960 Gattung
1034 876 1140 939 seiner
1162 874 1285 940 Schrif-

142 1000 210 1041 ;cn:
233 974 327 1040 Verr.
350 975 385 1057 Ι,
411 979 439 1057 1,
462 975 504 1039 60
526 975 554 1039 61
577 975 677 1038 velim
703 975 811 1039 dicere
832 977 957 1058 omnia,
981 976 1076 1042 multi
1098 973 1285 1064 appellandi
1344 980 1346 985 ’

142 1079 216 1142 sint.
254 1077 350 1143 Catil.
378 1080 407 1155 l,
431 1078 451 1143 8
472 1077 553 1142 haec
575 1077 605 1141 61
626 1086 734 1141 tecum
761 1077 869 1162 patria
895 1074 1063 1164 loquatur,
1091 1100 1199 1142 nonne
1225 1078 1284 1141 irn-

142 1188 271 1265 petrare
294 1178 424 1258 debeat,
453 1179 551 1243 etiam
575 1179 604 1242 si
625 1178 692 1241 vim
715 1176 870 1242 adhibere
892 1202 956 1244 non
979 1178 1108 1267 possit?
1141 1204 1172 1267 p.
1199 1180 1283 1243 Scst

142 1281 178 1344 16
201 1281 230 1344 61
254 1301 379 1365 negem,
403 1281 552 1344 mentiar.
590 1278 754 1344 Dasselbe
776 1279 864 1344 Lael.
887 1281 918 1362 3,
944 1282 993 1346 10.
1023 1303 1055 1366 p.
1078 1279 1190 1345 Plano.
1213 1279 1235 1344 5
1256 1281 1283 1343 61

142 1392 247 1446 tecum
275 1382 509 1466 congrediatur
538 1391 570 1446 et
593 1383 620 1446 si
643 1403 709 1444 una
731 1378 820 1467 loqui
842 1403 922 1446 vooc
945 1385 1063 1468 possit,
1086 1383 1167 1447 haec
1190 1381 1284 1445 dicat.

142 1506 169 1569 p.
193 1481 324 1565 06611
353 1483 381 1547 61
409 1485 482 1570 quis
510 1485 595 1548 forte
623 1504 709 1547 nunc
737 1484 824 1547 adsit
844 1520 887 1532 —-
909 1485 1043 1548 miretur
1064 1483 1220 1571 profecto.
1251 1505 1282 1568 p.

142 1583 242 1648 Marc.
266 1585 564 1650 211161161661-
587 1606 697 1649 amens
721 1586 791 1648 sim.
816 1585 856 1649 de
879 1607 921 1650 or.
943 1588 972 1666 1,
988 1586 1030 1651 25
1051 1583 1217 1671 praeclare
1231 1606 1283 1649 res

142 1708 173 1749 sc
205 1685 340 1769 habeat,
374 1687 401 1750 si
433 1687 513 1751 haec
540 1722 583 1734 —
609 1686 807 1751 commoveri
840 1696 911 1752 arte
943 1688 1081 1774 possint.
1123 1687 1215 1752 Brut.
1242 1687 1284 1751 83
1385 1717 1388 1721 ’

142 1787 261 1851 imitari
285 1789 369 1872 (cas)
391 1809 498 1875 neque
520 1789 659 1875 possim,
682 1789 711 1852 61
732 1785 846 1869 velim,
874 1811 934 1854 1166
957 1787 1055 1853 velim
1078 1787 1232 1873 fortasse,
1256 1790 1284 1853 si

142 1890 273 1974 possim.
304 1889 396 1954 acad.
419 1890 449 1968 2,
465 1889 506 1954 25
529 1891 557 1953 si
579 1880 707 1954 deue'te
722 1890 903 1974 interroget
914 1929 954 1938 -
967 1891 1045 1977 quid
1061 1889 1283 1977 respondeas?

142 1990 194 2054 tin.
220 1993 248 2071 1,
271 1989 303 2070 5,
328 1992 378 2054 15.
401 1992 433 2072 5,
456 1992 488 2072 5,
514 1992 562 2054 12.
585 2013 654 2077 par.
677 1991 708 2073 3,
724 1990 755 2072 2,
770 1991 823 2054 24.
847 1991 878 2072 6,
894 1992 924 2070 2,
939 1992 992 2056 48.
1023 1991 1205 2074 11116651.
1223 1991 1285 2057 102
1360 2073 1364 2079 ¹

142 2090 210 2156 dies
234 2091 385 2173 deficiat,
414 2093 442 2156 si
464 2091 563 2157 velim
585 2093 786 2180 paupertatis
808 2114 939 2157 causam
968 2092 1154 2158 defendere.
1201 2093 1283 2159 Das-
1347 2093 1350 2097 ’

142 2192 284 2258 selben.
306 2193 336 2256 d.
358 2193 378 2257 3
401 2197 430 2274 ξ.
454 2193 504 2257 81.
526 2195 557 2276 2,
580 2195 632 2275 29,
656 2196 707 2259 74.
738 2194 830 2259 Verr.
853 2195 874 2257 2
896 2198 927 2275 ὅ.
949 2195 1000 2258 52.
1027 2194 1104 2279 lam.
1130 2196 1283 2277 11,21,3

142 2294 201 2357 sim
223 2295 312 2359 enim
334 2294 516 2381 impudens,
533 2296 562 2360 61
577 2296 650 2382 plus
665 2296 837 2383 postulem.
861 2298 970 2361 Brut.
987 2297 1029 2359 ad
1045 2296 1121 2363 fam.
1141 2299 1189 2375 11,
1205 2297 1235 2378 2,
1256 2299 1283 2360 1.

224 2395 334 2460 ans.
352 2395 382 2461 b.
398 2417 425 2459 c.
442 2396 474 2478 2,
489 2398 541 2482 31,
557 2398 580 2460 4
594 2397 682 2483 quod
698 2399 806 2462 eiiam
822 2396 903 2462 haec
919 2397 1091 2484 explorata
1106 2397 1282 2461 habeamus

147 2534 178 2544 -
202 2506 325 2583 quanto
348 2496 518 2582 praestet?
548 2496 643 2563 Sall.
668 2499 743 2584 Jug.
767 2501 817 2583 31,
840 2499 882 2564 29
904 2503 931 2563 si
958 2499 1098 2563 iniuriae
1118 2521 1183 2563 non
1207 2499 1282 2582 sint,

145 2596 229 2663 haud
252 2614 352 2683 saepe
374 2597 488 2664 auxilii
512 2621 617 2684 egeas.
648 2601 777 2685 Nepos
800 2601 852 2684 25,
875 2602 905 2684 9,
931 2604 956 2665 1.

221 2697 308 2762 Liv.
337 2699 393 2783 28,
421 2701 461 2764 41
490 2701 561 2765 (1166
588 2723 640 2765 me
668 2701 814 2784 deficiat,
843 2702 873 2766 61
900 2723 994 2785 rogos
1022 2740 1064 2749 —
1092 2722 1283 2765 enumerare

145 2799 238 2865 velim
263 2800 338 2882 (wie
361 2803 444 2866 oben
467 2802 552 2887 oie.)
574 2804 678 2889 praef.
707 2807 719 2866 l
744 2824 804 2866 nec
827 2804 907 2867 satis
930 2805 998 2868 6616
1020 2825 1095 2886 1166,
1119 2804 1145 2867 si
1170 2801 1281 2882 sciam,

146 2901 253 2967 dicere
275 2902 391 2966 ausim.
420 2903 451 2985 4,
473 2903 493 2967 3
517 2905 545 2967 61
566 2904 673 2987 116661,
696 2903 842 2969 adimant
863 2906 913 2991 (6,
939 2907 992 2984 11,
1014 2906 1037 2968 4
1057 2903 1173 2989 gehdrt
1194 2903 1285 2967 nicht

143 3002 295 3085 hicrher).
325 3005 355 3086 7,
371 3005 414 3069 34
436 3003 557 3069 similes
572 3008 708 3069 istorum
725 3007 836 3090 simus,
859 3009 888 3070 si
903 3008 1025 3071 diutius
1042 3007 1094 3070 hic
1109 3027 1281 3070 moremur.

143 3104 191 3187 22,
214 3105 258 3170 59
280 3105 309 3168 61
331 3105 472 3169 videatis
495 3117 626 3171 catenas
649 3144 690 3154 -
713 3130 771 3173 vos
794 3130 832 3172 ea
853 3109 979 3195 species
1002 3118 1141 3173 moveat.
1171 3107 1282 3190 23,12

142 3206 167 3269 61
188 3207 358 3288 1611666111,
385 3216 443 3270 aut
466 3210 624 3294 superbus
652 3219 710 3273 aut
732 3211 893 3301 obnoxius
917 3210 1040 3275 videar.
1085 3208 1147 3274 Mit
1169 3218 1281 3293 poten·

142 3307 248 3371 tialem
282 3307 445 3371 Perfect
477 3310 522 3372 im
557 3308 757 3395 Hauptsatn:
788 3311 847 3393 26,
875 3311 932 3388 49,
965 3313 985 3376 3
1017 3313 1206 3397 scorpiones
1239 3309 1281 3374 ad

142 3409 313 3494 sexaginta
340 3418 452 3494 captos
480 3412 682 3496 scripserim,
717 3414 744 3475 si
771 3421 939 3476 auctorem
968 3413 1131 3478 Graccum
1165 3433 1282 3498 sequar

142 3509 294 3576 Silenum.
350 3509 426 3574 Wie
457 3510 541 3575 nahe
575 3511 666 3577 diosc
705 3511 804 3578 Satze
843 3513 949 3578 denen
981 3514 1041 3579 mit
1077 3512 1152 3578 dem
1186 3513 1280 3599 Conj.

141 3611 297 3699 imperf.
320 3610 451 3696 stehen,
480 3635 548 3677 war
576 3613 675 3679 echon
704 3616 788 3680 oben
811 3637 870 3679 aus
893 3615 1001 3680 vielen
1024 3614 1145 3681 Stollen
1168 3639 1209 3679 zu
1232 3637 1280 3678 cr·

142 3713 279 3794 konnen,
303 3713 480 3778 besonders
510 3715 590 3779 aber
611 3738 670 3780 aus
693 3717 751 3800 39,
775 3718 833 3797 37,
862 3718 932 3781 361
956 3718 1095 3781 exsistat
1118 3716 1216 3782 hodic
1238 3717 1280 3780 ab

142 3813 249 3880 inferis
272 3814 458 3901 Lycurgus,
481 3817 624 3901 gaudeat
645 3819 748 3882 ruinis
771 3840 894 3882 eorum.

222 3918 293 3981 Aua
317 3915 473 4003 VellejuS,
498 3916 571 3982 Val.
595 3919 695 4002 Max,
719 3919 851 3984 Curtius
874 3922 940 3985 und
964 3919 1097 3984 Tacitus
1120 3917 1206 3983 habe
1227 3919 1280 3983 ich

142 4040 203 4083 nur
225 4017 280 4080 die
302 4015 425 4081 Stellcn
449 4021 509 4084 mit
533 4019 608 4083 dem
631 4020 795 4086 Indieativ
819 4023 862 4085 im
886 4020 1093 4108 Hauptsatze
1115 4022 1225 4084 notirt.

221 4119 242 4184 J
252 4118 366 4182 ustin
388 4119 418 4203 2,
444 4120 484 4182 10
505 4123 533 4184 61
556 4143 664 4205 regem
688 4122 864 4209 (Xerxem)
885 4132 1023 4208 spectes,
1048 4122 1192 4203 divitias,
1214 4144 1281 4186 non

142 4220 252 4287 iucem
275 4218 400 4284 laudes.
431 4222 537 4286 Laot.
564 4227 590 4301 1,
617 4227 667 4305 ll,
693 4226 782 4288 1061
805 4225 936 4289 divinus
959 4225 1102 4303 nonsit,
1131 4245 1173 4286 ne
1199 4223 1278 4287 deus

142 4322 270 4412 {uidem
292 4322 344 4384 sit.
375 4326 406 4403 §-
432 4322 567 4386 14116111
592 4327 619 4389 si
642 4326 685 4389 sit
708 4325 912 4411 (maximus),
944 4347 1009 4390 non
1038 4325 1178 4411 accipiat
1199 4323 1279 4407 fata,

142 4425 193 4491 red
219 4424 331 4490 faciat.
375 4422 451 4489 Und
475 4425 531 4489 oft.
