2948 4988
656 318 887 382 -819-

158 484 253 568 30,
274 487 312 570 4,
335 488 356 552 6
384 498 417 553 et
442 488 663 574 speculatores
690 489 799 553 omnia
827 486 956 552 visendi
985 499 1018 552 et
1047 488 1157 575 Scipio
1185 488 1228 551 56
1254 510 1341 553 corn-

171 588 345 674 puranda
376 610 478 655 55-
501 599 630 677 tempus
664 589 790 654 habuit.
837 590 895 671 40,
918 591 960 655 25
967 591 1020 672 ,6
1053 599 1088 655 ut
1116 612 1158 654 55
1185 588 1341 654 efferendi

175 689 330 777 quidem
357 692 454 777 signa
475 691 630 757 Romanis
660 691 801 777 spatium
824 713 884 755 nec
906 690 949 756 56
978 691 1206 779 explicandam
1236 692 1339 756 aciem

180 787 287 858 locun
310 802 408 857 esset.
454 793 528 879 Vgl.
553 803 654 858 unten
676 792 799 857 Justin.

281 893 391 959 Curi.
412 896 449 977 5,
475 894 529 977 10,
555 895 594 959 12
619 895 709 977 51955
737 895 779 959 56
806 895 948 960 555655
976 895 1062 960 dato.
1107 893 1145 976 9,
1172 898 1205 977 1,
1229 894 1271 958 33
1298 895 1342 959 56

190 996 383 1061 venandum
411 998 577 1080 cupiditas.
628 996 775 1061 Justin.
805 997 825 1060 8
833 1047 841 1080 ,
861 997 882 1061 5
889 997 941 1079 ,2
971 997 1030 1060 sed
1063 1017 1170 1082 neque
1199 995 1341 1080 spatium

196 1107 267 1164 eret
288 1097 473 1163 instruendi
496 1095 572 1162 belli
595 1119 655 1162 nec
676 1107 806 1181 tempus
827 1097 869 1162 ad
892 1097 1113 1163 contrahenda
1135 1096 1271 1163 auxilia.

283 1198 473 1265 Betruchtet
500 1221 577 1263 man
605 1199 659 1263 die
681 1197 849 1263 einzelnen
872 1199 1010 1283 Stellen,
1038 1223 1074 1265 so
1103 1197 1242 1264 erhennl
1267 1220 1341 1261 rnen

199 1302 231 1365 in
254 1301 314 1366 der
335 1300 438 1385 Regel
460 1299 514 1365 die
537 1302 691 1380 Abeicht,
720 1301 785 1364 den
807 1301 950 1367 Zweck
978 1301 1038 1364 der
1059 1298 1341 1387 Haupthendlung

200 1401 466 1484 uunzudrlichen3
500 1403 553 1466 hie
582 1402 649 1467 und
682 1402 726 1466 65
755 1412 873 1487 mogen
900 1402 983 1467 5555
1012 1401 1202 1468 stilistinche
1231 1400 1339 1467 uuek-

200 1504 324 1570 oichten
347 1502 544 1588 obgewaltet
565 1504 680 1568 huben.

281 1607 310 1669 2.
346 1605 450 1670 Unter
473 1604 535 1669 den
548 1606 611 1670 Ad
614 1605 809 1692 jectiven,
835 1604 955 1670 welche
971 1605 1033 1670 neit
1055 1607 1113 1670 der
1135 1604 1341 1670 ldussischen

199 1708 272 1773 Zeit
293 1708 354 1771 mit
375 1709 419 1772 ud
439 1706 507 1770 und
530 1708 604 1772 dem
619 1706 823 1772 Gerundium
839 1707 1030 1772 verbunden
1046 1708 1187 1790 werden,
1210 1727 1264 1770 um
1288 1706 1342 1770 die

199 1807 386 1893 Beziehung
409 1807 467 1881 655
490 1808 664 1895 Adjectivu
688 1809 748 1873 auf
767 1809 838 1873 eine
860 1807 1042 1894 Handlung
1064 1832 1105 1873 zu
1131 1807 1341 1889 bezeichnen,

198 1910 272 1975 sind
294 1908 449 1994 fulgendo
471 1933 512 1973 zu
535 1908 719 1974 55535555.

280 2010 422 2093 Facile,
445 2009 538 2097 nieht==
559 2009 678 2090 selten,
702 2035 729 2075 z.
753 2012 791 2076 B.
815 2012 967 2077 Cornil.
990 2013 1011 2076 2
1033 2016 1062 2093 ξ.
1085 2013 1127 2077 30
1149 2010 1278 2077 fecilior
1299 2010 1340 2074 56

197 2111 462 2198 excogitandum.
506 2111 586 2177 Cic.
610 2112 664 2176 fins
686 2113 716 2190 2,
739 2113 781 2175 20
803 2112 976 2178 facillimus
999 2113 1041 2178 56
1064 2112 1341 2198 concoquendum.

198 2216 250 2281 off.
273 2215 309 2292 3,
331 2214 351 2278 6
373 2212 454 2279 haec
475 2211 518 2276 ad
540 2212 750 2279 iudicandum
774 2224 850 2280 nunt
872 2205 1036 2279 facillima.
1074 2214 1173 2279 Plin.
1196 2213 1225 2280 h.
1246 2236 1278 2276 n.
1302 2214 1340 2276 13

197 2320 226 2398 §.
249 2316 292 2380 29
312 2317 356 2380 56
378 2300 610 2380 scandendurh.
654 2314 828 2396 Quintil.
850 2317 885 2398 2,
906 2317 943 2395 3,
966 2316 985 2380 8
1012 2315 1054 2380 ad
1082 2313 1340 2400 intelligendum.
1386 2361 1391 2368 -

196 2418 233 2500 4,
259 2419 294 2499 2,
317 2416 358 2480 21
382 2414 424 2480 56
447 2416 647 2481 diluendum.

280 2516 437 2602 Difficilis
466 2519 546 2583 wird
574 2517 732 2583 cbenlulls
764 2519 813 2584 oft
839 2519 1021 2604 gesunden:
1059 2520 1137 2585 Cic.
1165 2519 1336 2587 651551

197 2626 226 2702 ξ.
250 2620 293 2684 20
315 2618 554 2684 difficilioribus
577 2620 620 2684 ad
643 2620 901 2704 cognoscendum
924 2621 1074 2705 negotiis.
1112 2620 1166 2686 off.
1191 2622 1207 2683 1
1232 2622 1261 2700 ξ.
1281 2619 1341 2682 126

197 2721 238 2786 56
262 2720 487 2806 eloquendum.
526 2743 593 2807 rep.
618 2723 635 2785 1
658 2724 689 2802 ξ.
712 2722 755 2786 55
780 2733 818 2788 ut
844 2721 877 2786 in
901 2722 1119 2808 comparando
1139 2721 1275 2786 difficile
1297 2720 1339 2785 56

196 2821 382 2908 eligendum
408 2822 461 2886 sit.
506 2833 587 2891 orat.
611 2826 641 2904 5.
668 2822 729 2886 184
755 2845 818 2909 qno
846 2836 896 2889 cst
922 2822 965 2887 56
993 2822 1225 2888 inveniendum
1254 2820 1341 2886 diffi-

196 2923 290 2990 cilior
322 2925 356 2988 in
388 2925 534 2989 oratione
567 2945 719 2988 numerus
754 2925 847 3008 (uber
873 2929 904 3007 ᾖ.
929 2925 990 2989 183
1021 2947 1085 2990 555
1120 2935 1171 2989 est
1203 2921 1340 2988 difficile

196 3026 419 3112 cognoscere).
463 3026 539 3088 fam.
571 3026 625 3108 10,
647 3026 684 3104 5,
710 3029 725 3088 1
760 3025 802 3090 56
836 3026 1056 3092 iudicandum.
1099 3029 1169 3091 An.
1200 3026 1237 3107 9,
1261 3025 1339 3104 9‚1

197 3138 273 3193 eunt
300 3126 464 3214 quaedam
486 3149 597 3191 earum
627 3126 840 3213 perdifficiles
862 3129 905 3192 ad
932 3128 1213 3193 5561555655.-
1239 3124 1339 3191 Bell.

197 3230 279 3294 Afr.
301 3229 322 3294 5
345 3228 385 3292 56
410 3228 674 3313 expugnandum.
713 3228 816 3294 Plin.
839 3228 869 3295 h.
893 3252 924 3293 5.
949 3231 988 3294 37
1012 3234 1043 3310 ξ.
1068 3230 1126 3293 131
1150 3228 1192 3293 56
1215 3226 1339 3293 555155-

195 3330 284 3395 dum.
330 3329 463 3411 Quint.
486 3330 506 3393 8
530 3350 671 3414 prooem.
693 3331 715 3392 4
735 3330 778 3393 ad
801 3331 1055 3416 percipiendum.
1097 3332 1154 3411 10,
1176 3332 1213 3413 2,
1235 3329 1276 3394 68
1298 3327 1339 3392 56

195 3432 371 3517 agendum.

280 3532 342 3598 ulit
369 3531 474 3598 Recht
507 3531 656 3598 bomerkt
682 3532 816 3598 Richter
848 3533 893 3596 im
926 3533 1041 3618 Progr.
1071 3535 1233 3617 Konigsb.
1259 3531 1340 3596 1859

197 3634 231 3699 S.
257 3634 313 3716 15,
346 3634 421 3698 6555
456 3632 508 3698 615
538 3634 705 3698 Dichter
735 3632 804 3697 sich
837 3632 945 3699 dieser
973 3635 1204 3701 construction
1236 3632 1340 3697 cellen

196 3735 373 3800 bedienen:
411 3735 526 3800 Luer.
549 3736 585 3815 2,
611 3735 692 3800 1026
714 3733 860 3800 difficilis
883 3739 984 3822 magis
1008 3736 1050 3802 ad
1073 3735 1281 3801 credendum.
1297 3770 1339 3784 -

197 3830 441 3901 Ebendaselbnt
461 3836 594 3899 werden
622 3835 776 3921 folgende
804 3836 1005 3903 seltencre
1026 3837 1084 3901 Ad
1088 3839 1247 3923 jectiva
1268 3835 1339 3901 euf-

194 3936 342 4022 gellihrt:

280 4038 435 4106 Cornil.
459 4039 479 4103 3
501 4042 531 4119 8.
558 4040 596 4102 18
625 4061 730 4125 neque
751 4042 879 4105 inutiles
899 4040 941 4104 56
964 4040 1137 4105 dicendum
1160 4061 1266 4127 neque
1287 4061 1340 4105 nc·

197 4141 354 4206 censarius
369 4139 412 4203 56
434 4140 649 4226 probandum.
687 4142 765 4209 Oie.
788 4141 829 4206 de
844 4142 928 4207 or.2
950 4145 979 4222 ξ.
995 4141 1058 4207 328
1080 4141 1180 4207 multo
1201 4143 1341 4224 opelius

196 4243 239 4305 56
277 4241 535 4326 intelligendum.
589 4242 623 4305 15
657 4242 776 4310 055511.
808 4247 836 4325 ς.
865 4244 907 4309 65
943 4240 986 4307 56
1022 4243 1340 4308 commemorandum

198 4344 357 4411 55555655
383 4380 424 4392 -
452 4343 495 4407 56
526 4343 729 4428 probandum
764 4347 907 4427 aequius.
950 4366 1017 4430 rep.
1047 4347 1063 4408 1
1096 4348 1124 4426 ξ.
1151 4347 1195 4409 30
1227 4344 1341 4426 dium

196 4444 271 4511 huic
300 4444 343 4509 56
372 4444 578 4509 imitandum.
622 4445 730 4511 deor.
757 4450 770 4509 1
797 4453 826 4530 ς.
849 4447 912 4511 213
939 4446 1049 4511 verbis
1078 4447 1120 4512 56
1142 4446 1338 4512 audiendum
