<?xml version="1.0" encoding="UTF-8"?>
<!DOCTYPE html PUBLIC "-//W3C//DTD XHTML 1.0 Transitional//EN"
    "http://www.w3.org/TR/xhtml1/DTD/xhtml1-transitional.dtd">
<html xmlns="http://www.w3.org/1999/xhtml" xml:lang="en" lang="en">
 <head>
  <title>
</title>
<meta http-equiv="Content-Type" content="text/html;charset=utf-8" />
  <meta name='ocr-system' content='tesseract 3.04.00' />
  <meta name='ocr-capabilities' content='ocr_page ocr_carea ocr_par ocr_line ocrx_word'/>
</head>
<body>
  <div class='ocr_page' id='page_1' title='image "./historischesynt01draegoog/historischesynt01draegoog_0635.png"; bbox 0 0 2948 4988; ppageno 0'>
   <div class='ocr_carea' id='block_1_1' title="bbox 620 325 847 389">
    <p class='ocr_par' dir='ltr' id='par_1_1' title="bbox 620 325 847 389">
     <span class='ocr_line' id='line_1_1' title="bbox 620 325 847 389; baseline 0.004 -1"><span class='ocrx_word' id='word_1_1' title='bbox 620 325 847 389; x_wconf 87' lang='grc'>-610-</span> 
     </span>
    </p>
   </div>
   <div class='ocr_carea' id='block_1_2' title="bbox 103 491 1297 4549">
    <p class='ocr_par' dir='ltr' id='par_1_2' title="bbox 158 491 1273 580">
     <span class='ocr_line' id='line_1_2' title="bbox 158 491 1273 580; baseline -0.004 -20"><span class='ocrx_word' id='word_1_2' title='bbox 158 495 320 561; x_wconf 88' lang='lat' dir='ltr'><strong>eiusmodi</strong></span> <span class='ocrx_word' id='word_1_3' title='bbox 343 493 590 560; x_wconf 84' lang='lat' dir='ltr'><strong>difficultatibus</strong></span> <span class='ocrx_word' id='word_1_4' title='bbox 615 493 686 580; x_wconf 89' lang='lat' dir='ltr'><strong>(„so</strong></span> <span class='ocrx_word' id='word_1_5' title='bbox 709 494 786 559; x_wconf 84' lang='lat' dir='ltr'><strong>weit</strong></span> <span class='ocrx_word' id='word_1_6' title='bbox 808 493 866 557; x_wconf 91' lang='lat' dir='ltr'><strong>das</strong></span> <span class='ocrx_word' id='word_1_7' title='bbox 886 493 921 558; x_wconf 90' lang='lat' dir='ltr'><strong>in</strong></span> <span class='ocrx_word' id='word_1_8' title='bbox 937 516 972 559; x_wconf 87' lang='lat' dir='ltr'><strong>so</strong></span> <span class='ocrx_word' id='word_1_9' title='bbox 988 491 1273 579; x_wconf 77' lang='lat' dir='ltr'><strong>sohwierigerlage</strong></span> 
     </span>
    </p>

    <p class='ocr_par' dir='ltr' id='par_1_3' title="bbox 158 593 1297 782">
     <span class='ocr_line' id='line_1_3' title="bbox 159 593 1297 682; baseline -0.002 -22"><span class='ocrx_word' id='word_1_10' title='bbox 159 596 302 681; x_wconf 72' lang='lat' dir='ltr'><strong>moglich</strong></span> <span class='ocrx_word' id='word_1_11' title='bbox 329 598 444 678; x_wconf 85' lang='lat' dir='ltr'><strong>war“).</strong></span> <span class='ocrx_word' id='word_1_12' title='bbox 475 594 507 660; x_wconf 88' lang='lat' dir='ltr'><strong>b.</strong></span> <span class='ocrx_word' id='word_1_13' title='bbox 533 619 560 660; x_wconf 90' lang='lat' dir='ltr'><strong>o.</strong></span> <span class='ocrx_word' id='word_1_14' title='bbox 583 595 662 680; x_wconf 85' lang='lat'><strong>3,9</strong></span> <span class='ocrx_word' id='word_1_15' title='bbox 690 604 727 661; x_wconf 91' lang='lat' dir='ltr'><strong>ut</strong></span> <span class='ocrx_word' id='word_1_16' title='bbox 755 605 915 682; x_wconf 77' lang='lat' dir='ltr'><strong>poterant.</strong></span> <span class='ocrx_word' id='word_1_17' title='bbox 949 593 1049 660; x_wconf 88' lang='lat' dir='ltr'>Bell.</span> <span class='ocrx_word' id='word_1_18' title='bbox 1070 593 1174 661; x_wconf 84' lang='lat' dir='ltr'><strong>Gall.</strong></span> <span class='ocrx_word' id='word_1_19' title='bbox 1199 593 1259 673; x_wconf 86' lang='lat'><strong>8,2</strong></span> <span class='ocrx_word' id='word_1_20' title='bbox 1292 665 1297 671; x_wconf 59' lang='grc'>,</span> 
     </span>
     <span class='ocr_line' id='line_1_4' title="bbox 158 695 1273 782; baseline -0.003 -21"><span class='ocrx_word' id='word_1_21' title='bbox 158 707 196 762; x_wconf 92' lang='lat' dir='ltr'><strong>ut</strong></span> <span class='ocrx_word' id='word_1_22' title='bbox 218 698 253 761; x_wconf 90' lang='lat' dir='ltr'><strong>in</strong></span> <span class='ocrx_word' id='word_1_23' title='bbox 275 706 367 762; x_wconf 84' lang='lat' dir='ltr'><strong>tanta</strong></span> <span class='ocrx_word' id='word_1_24' title='bbox 389 696 583 762; x_wconf 80' lang='lat' dir='ltr'><strong>calamitate.</strong></span> <span class='ocrx_word' id='word_1_25' title='bbox 619 696 715 762; x_wconf 90' lang='lat' dir='ltr'><strong>Bell.</strong></span> <span class='ocrx_word' id='word_1_26' title='bbox 739 696 797 763; x_wconf 91' lang='lat' dir='ltr'><strong>Al.</strong></span> <span class='ocrx_word' id='word_1_27' title='bbox 813 696 856 761; x_wconf 85' lang='lat'><strong>64</strong></span> <span class='ocrx_word' id='word_1_28' title='bbox 877 718 1070 782; x_wconf 88' lang='lat' dir='ltr'><strong>progressus</strong></span> <span class='ocrx_word' id='word_1_29' title='bbox 1093 695 1233 775; x_wconf 78' lang='lat' dir='ltr'><strong>seeundo,</strong></span> <span class='ocrx_word' id='word_1_30' title='bbox 1249 705 1273 759; x_wconf 86' lang='grc' dir='ltr'><strong>ιιι</strong></span> 
     </span>
    </p>

    <p class='ocr_par' dir='ltr' id='par_1_4' title="bbox 159 797 1273 884">
     <span class='ocr_line' id='line_1_5' title="bbox 159 797 1273 884; baseline -0.004 -21"><span class='ocrx_word' id='word_1_31' title='bbox 159 799 312 882; x_wconf 89' lang='lat' dir='ltr'><strong>hiberna,</strong></span> <span class='ocrx_word' id='word_1_32' title='bbox 341 807 544 884; x_wconf 79' lang='lat' dir='ltr'><strong>tempestate.</strong></span> <span class='ocrx_word' id='word_1_33' title='bbox 585 797 678 864; x_wconf 85' lang='lat' dir='ltr'><strong>Sall.</strong></span> <span class='ocrx_word' id='word_1_34' title='bbox 707 799 786 884; x_wconf 86' lang='lat' dir='ltr'><strong>Jug.</strong></span> <span class='ocrx_word' id='word_1_35' title='bbox 817 799 894 878; x_wconf 94' lang='grc'>107,</span> <span class='ocrx_word' id='word_1_36' title='bbox 921 799 1004 863; x_wconf 89' lang='lat' dir='ltr'><strong>6ea</strong></span> <span class='ocrx_word' id='word_1_37' title='bbox 1025 819 1093 878; x_wconf 90' lang='lat' dir='ltr'><strong>res,</strong></span> <span class='ocrx_word' id='word_1_38' title='bbox 1123 809 1160 864; x_wconf 91' lang='lat' dir='ltr'><strong>ut</strong></span> <span class='ocrx_word' id='word_1_39' title='bbox 1183 799 1212 862; x_wconf 89' lang='lat' dir='ltr'><strong>in</strong></span> <span class='ocrx_word' id='word_1_40' title='bbox 1232 797 1273 862; x_wconf 87' lang='lat' dir='ltr'><strong>tali</strong></span> 
     </span>
    </p>

    <p class='ocr_par' dir='ltr' id='par_1_5' title="bbox 158 900 1273 988">
     <span class='ocr_line' id='line_1_6' title="bbox 158 900 1273 988; baseline -0.004 -23"><span class='ocrx_word' id='word_1_41' title='bbox 158 901 306 986; x_wconf 85' lang='lat' dir='ltr'><strong>negotio,</strong></span> <span class='ocrx_word' id='word_1_42' title='bbox 329 901 476 988; x_wconf 86' lang='lat' dir='ltr'><strong>probata.</strong></span> <span class='ocrx_word' id='word_1_43' title='bbox 517 900 601 964; x_wconf 87' lang='lat' dir='ltr'><strong>Liv.</strong></span> <span class='ocrx_word' id='word_1_44' title='bbox 628 901 656 977; x_wconf 88' lang='lat'><strong>1,</strong></span> <span class='ocrx_word' id='word_1_45' title='bbox 678 901 718 965; x_wconf 99' lang='grc'><strong>57</strong></span> <span class='ocrx_word' id='word_1_46' title='bbox 740 922 837 986; x_wconf 89' lang='lat' dir='ltr'><strong>gens,</strong></span> <span class='ocrx_word' id='word_1_47' title='bbox 864 909 900 965; x_wconf 92' lang='lat' dir='ltr'><strong>ut</strong></span> <span class='ocrx_word' id='word_1_48' title='bbox 929 900 963 964; x_wconf 91' lang='lat' dir='ltr'><strong>in</strong></span> <span class='ocrx_word' id='word_1_49' title='bbox 992 921 1031 965; x_wconf 87' lang='lat' dir='ltr'><strong>ea</strong></span> <span class='ocrx_word' id='word_1_50' title='bbox 1052 900 1184 985; x_wconf 87' lang='lat' dir='ltr'><strong>regione</strong></span> <span class='ocrx_word' id='word_1_51' title='bbox 1201 908 1273 983; x_wconf 83' lang='lat' dir='ltr'><strong>atque</strong></span> 
     </span>
    </p>

    <p class='ocr_par' dir='ltr' id='par_1_6' title="bbox 159 1000 1271 1091">
     <span class='ocr_line' id='line_1_7' title="bbox 159 1000 1271 1091; baseline -0.003 -25"><span class='ocrx_word' id='word_1_52' title='bbox 159 1004 193 1066; x_wconf 90' lang='lat' dir='ltr'><strong>in</strong></span> <span class='ocrx_word' id='word_1_53' title='bbox 222 1025 260 1091; x_wconf 82' lang='lat' dir='ltr'><strong>ea</strong></span> <span class='ocrx_word' id='word_1_54' title='bbox 288 1011 410 1081; x_wconf 87' lang='lat' dir='ltr'><strong>aetate,</strong></span> <span class='ocrx_word' id='word_1_55' title='bbox 440 1000 568 1067; x_wconf 89' lang='lat' dir='ltr'><strong>divitiis</strong></span> <span class='ocrx_word' id='word_1_56' title='bbox 598 1000 812 1090; x_wconf 86' lang='lat' dir='ltr'><strong>praepollens.</strong></span> <span class='ocrx_word' id='word_1_57' title='bbox 846 1003 882 1083; x_wconf 92' lang='lat'><strong>2,</strong></span> <span class='ocrx_word' id='word_1_58' title='bbox 912 1002 953 1066; x_wconf 89' lang='grc'><strong>63</strong></span> <span class='ocrx_word' id='word_1_59' title='bbox 976 1008 1012 1066; x_wconf 86' lang='grc' dir='ltr'><strong>ιιι</strong></span> <span class='ocrx_word' id='word_1_60' title='bbox 1034 1010 1104 1066; x_wconf 88' lang='lat' dir='ltr'><strong>tum</strong></span> <span class='ocrx_word' id='word_1_61' title='bbox 1126 1024 1177 1067; x_wconf 87' lang='lat' dir='ltr'><strong>res</strong></span> <span class='ocrx_word' id='word_1_62' title='bbox 1197 1010 1271 1065; x_wconf 81' lang='lat' dir='ltr'><strong>erant.</strong></span> 
     </span>
    </p>

    <p class='ocr_par' dir='ltr' id='par_1_7' title="bbox 159 1101 1271 1191">
     <span class='ocr_line' id='line_1_8' title="bbox 159 1101 1271 1191; baseline -0.003 -22"><span class='ocrx_word' id='word_1_63' title='bbox 159 1105 197 1189; x_wconf 99' lang='lat'><strong>4,</strong></span> <span class='ocrx_word' id='word_1_64' title='bbox 218 1104 261 1169; x_wconf 89' lang='grc'><strong>55</strong></span> <span class='ocrx_word' id='word_1_65' title='bbox 283 1104 446 1189; x_wconf 86' lang='lat' dir='ltr'><strong>generosi,</strong></span> <span class='ocrx_word' id='word_1_66' title='bbox 475 1113 512 1169; x_wconf 92' lang='lat' dir='ltr'><strong>ut</strong></span> <span class='ocrx_word' id='word_1_67' title='bbox 539 1104 625 1169; x_wconf 91' lang='lat' dir='ltr'><strong>inter</strong></span> <span class='ocrx_word' id='word_1_68' title='bbox 650 1102 805 1191; x_wconf 87' lang='lat' dir='ltr'><strong>plebeios.</strong></span> <span class='ocrx_word' id='word_1_69' title='bbox 834 1103 886 1181; x_wconf 94' lang='lat' dir='ltr'><strong>2l,</strong></span> <span class='ocrx_word' id='word_1_70' title='bbox 908 1102 961 1185; x_wconf 91' lang='lat'><strong>34,</strong></span> <span class='ocrx_word' id='word_1_71' title='bbox 988 1104 1016 1166; x_wconf 92' lang='lat'><strong>1.</strong></span> <span class='ocrx_word' id='word_1_72' title='bbox 1046 1102 1100 1183; x_wconf 88' lang='lat'><strong>23,</strong></span> <span class='ocrx_word' id='word_1_73' title='bbox 1124 1102 1171 1177; x_wconf 81' lang='lat'><strong>18,</strong></span> <span class='ocrx_word' id='word_1_74' title='bbox 1191 1102 1217 1170; x_wconf 89' lang='grc'><strong>6.</strong></span> <span class='ocrx_word' id='word_1_75' title='bbox 1238 1101 1271 1178; x_wconf 92' lang='grc'>2,</span> 
     </span>
    </p>

    <p class='ocr_par' dir='ltr' id='par_1_8' title="bbox 162 1202 1018 1287">
     <span class='ocr_line' id='line_1_9' title="bbox 162 1202 1018 1287; baseline -0.005 -17"><span class='ocrx_word' id='word_1_76' title='bbox 162 1206 214 1287; x_wconf 87' lang='grc'>28,</span> <span class='ocrx_word' id='word_1_77' title='bbox 240 1209 268 1270; x_wconf 93' lang='grc'><strong>1.</strong></span> <span class='ocrx_word' id='word_1_78' title='bbox 292 1206 343 1284; x_wconf 88' lang='grc'>32,</span> <span class='ocrx_word' id='word_1_79' title='bbox 366 1205 408 1270; x_wconf 93' lang='grc'><strong>33</strong></span> <span class='ocrx_word' id='word_1_80' title='bbox 431 1205 491 1281; x_wconf 81' lang='lat' dir='ltr'><strong>vir,</strong></span> <span class='ocrx_word' id='word_1_81' title='bbox 513 1215 550 1270; x_wconf 94' lang='lat' dir='ltr'><strong>ut</strong></span> <span class='ocrx_word' id='word_1_82' title='bbox 572 1205 658 1270; x_wconf 88' lang='lat' dir='ltr'><strong>inter</strong></span> <span class='ocrx_word' id='word_1_83' title='bbox 680 1202 823 1284; x_wconf 76' lang='lat' dir='ltr'><strong>AetoloS,</strong></span> <span class='ocrx_word' id='word_1_84' title='bbox 846 1202 1018 1270; x_wconf 78' lang='lat' dir='ltr'><strong>facundus.</strong></span> 
     </span>
    </p>

    <p class='ocr_par' dir='ltr' id='par_1_9' title="bbox 160 1304 1272 2105">
     <span class='ocr_line' id='line_1_10' title="bbox 244 1304 1272 1392; baseline -0.003 -20"><span class='ocrx_word' id='word_1_85' title='bbox 244 1307 352 1375; x_wconf 82' lang='lat' dir='ltr'><strong>Curt.</strong></span> <span class='ocrx_word' id='word_1_86' title='bbox 375 1307 406 1389; x_wconf 89' lang='lat'><strong>3,</strong></span> <span class='ocrx_word' id='word_1_87' title='bbox 429 1307 460 1390; x_wconf 87' lang='grc'><strong>2,</strong></span> <span class='ocrx_word' id='word_1_88' title='bbox 481 1306 502 1370; x_wconf 88' lang='grc'><strong>6</strong></span> <span class='ocrx_word' id='word_1_89' title='bbox 525 1307 659 1392; x_wconf 85' lang='lat' dir='ltr'><strong>egregii,</strong></span> <span class='ocrx_word' id='word_1_90' title='bbox 689 1317 726 1371; x_wconf 85' lang='lat' dir='ltr'><strong>ut</strong></span> <span class='ocrx_word' id='word_1_91' title='bbox 746 1308 832 1371; x_wconf 87' lang='lat' dir='ltr'><strong>inter</strong></span> <span class='ocrx_word' id='word_1_92' title='bbox 852 1304 925 1371; x_wconf 88' lang='lat' dir='ltr'><strong>illas</strong></span> <span class='ocrx_word' id='word_1_93' title='bbox 947 1315 1075 1391; x_wconf 85' lang='lat' dir='ltr'><strong>gentes.</strong></span> <span class='ocrx_word' id='word_1_94' title='bbox 1102 1305 1133 1386; x_wconf 89' lang='lat'><strong>9,</strong></span> <span class='ocrx_word' id='word_1_95' title='bbox 1158 1308 1183 1390; x_wconf 93' lang='lat' dir='ltr'><strong>l,</strong></span> <span class='ocrx_word' id='word_1_96' title='bbox 1204 1306 1235 1369; x_wconf 78' lang='lat'><strong>14</strong></span> <span class='ocrx_word' id='word_1_97' title='bbox 1248 1316 1272 1369; x_wconf 86' lang='lat' dir='ltr'><strong>ut</strong></span> 
     </span>
     <span class='ocr_line' id='line_1_11' title="bbox 160 1405 1270 1494; baseline -0.005 -19"><span class='ocrx_word' id='word_1_98' title='bbox 160 1413 193 1476; x_wconf 92' lang='lat' dir='ltr'><strong>in</strong></span> <span class='ocrx_word' id='word_1_99' title='bbox 223 1431 263 1474; x_wconf 88' lang='lat' dir='ltr'><strong>ea</strong></span> <span class='ocrx_word' id='word_1_100' title='bbox 289 1408 432 1493; x_wconf 87' lang='lat' dir='ltr'><strong>regione.</strong></span> <span class='ocrx_word' id='word_1_101' title='bbox 472 1411 501 1489; x_wconf 64' lang='grc' dir='ltr'><strong>ξ.</strong></span> <span class='ocrx_word' id='word_1_102' title='bbox 528 1408 571 1471; x_wconf 90' lang='grc'>24</span> <span class='ocrx_word' id='word_1_103' title='bbox 597 1429 693 1493; x_wconf 88' lang='lat' dir='ltr'><strong>gens,</strong></span> <span class='ocrx_word' id='word_1_104' title='bbox 728 1417 765 1472; x_wconf 91' lang='lat' dir='ltr'><strong>ut</strong></span> <span class='ocrx_word' id='word_1_105' title='bbox 793 1406 941 1491; x_wconf 85' lang='lat' dir='ltr'><strong>barbari,</strong></span> <span class='ocrx_word' id='word_1_106' title='bbox 976 1408 1140 1494; x_wconf 76' lang='lat' dir='ltr'><strong>sapientia</strong></span> <span class='ocrx_word' id='word_1_107' title='bbox 1165 1405 1270 1474; x_wconf 80' lang='lat' dir='ltr'><strong>excellit</strong></span> 
     </span>
     <span class='ocr_line' id='line_1_12' title="bbox 161 1508 1269 1577; baseline -0.005 -2"><span class='ocrx_word' id='word_1_108' title='bbox 161 1512 249 1577; x_wconf 83' lang='lat' dir='ltr'><strong>Tae.</strong></span> <span class='ocrx_word' id='word_1_109' title='bbox 279 1509 321 1574; x_wconf 79' lang='lat' dir='ltr'><strong>G.</strong></span> <span class='ocrx_word' id='word_1_110' title='bbox 349 1509 392 1575; x_wconf 87' lang='grc'><strong>45</strong></span> <span class='ocrx_word' id='word_1_111' title='bbox 418 1519 454 1575; x_wconf 88' lang='lat' dir='ltr'><strong>ut</strong></span> <span class='ocrx_word' id='word_1_112' title='bbox 482 1509 643 1575; x_wconf 83' lang='lat' dir='ltr'><strong>barbaris.</strong></span> <span class='ocrx_word' id='word_1_113' title='bbox 685 1509 727 1574; x_wconf 88' lang='lat'><strong>30</strong></span> <span class='ocrx_word' id='word_1_114' title='bbox 760 1519 796 1574; x_wconf 90' lang='grc' dir='ltr'><strong>ιιι</strong></span> <span class='ocrx_word' id='word_1_115' title='bbox 828 1511 913 1575; x_wconf 87' lang='lat' dir='ltr'><strong>iuter</strong></span> <span class='ocrx_word' id='word_1_116' title='bbox 945 1508 1142 1575; x_wconf 83' lang='lat' dir='ltr'><strong>Germanos.</strong></span> <span class='ocrx_word' id='word_1_117' title='bbox 1173 1509 1269 1574; x_wconf 81' lang='lat' dir='ltr'><strong>diall</strong></span> 
     </span>
     <span class='ocr_line' id='line_1_13' title="bbox 162 1610 1269 1697; baseline -0.004 -19"><span class='ocrx_word' id='word_1_118' title='bbox 162 1613 462 1690; x_wconf 81' lang='lat' dir='ltr'><strong>disertissimorum,</strong></span> <span class='ocrx_word' id='word_1_119' title='bbox 485 1621 521 1676; x_wconf 92' lang='lat' dir='ltr'><strong>ut</strong></span> <span class='ocrx_word' id='word_1_120' title='bbox 535 1610 654 1675; x_wconf 85' lang='lat' dir='ltr'><strong>nostris</strong></span> <span class='ocrx_word' id='word_1_121' title='bbox 670 1611 880 1697; x_wconf 86' lang='lat' dir='ltr'><strong>temporibus,</strong></span> <span class='ocrx_word' id='word_1_122' title='bbox 903 1611 1071 1676; x_wconf 89' lang='lat' dir='ltr'><strong>hominum</strong></span> <span class='ocrx_word' id='word_1_123' title='bbox 1095 1633 1202 1676; x_wconf 88' lang='lat' dir='ltr'><strong>sermo.</strong></span> <span class='ocrx_word' id='word_1_124' title='bbox 1219 1630 1269 1674; x_wconf 85' lang='lat' dir='ltr'><strong>auo</strong></span> 
     </span>
     <span class='ocr_line' id='line_1_14' title="bbox 160 1711 1270 1798; baseline -0.009 -19"><span class='ocrx_word' id='word_1_125' title='bbox 160 1716 190 1793; x_wconf 87' lang='grc'><strong>4,</strong></span> <span class='ocrx_word' id='word_1_126' title='bbox 212 1713 253 1778; x_wconf 91' lang='grc'><strong>26</strong></span> <span class='ocrx_word' id='word_1_127' title='bbox 275 1722 311 1778; x_wconf 90' lang='lat' dir='ltr'><strong>ut</strong></span> <span class='ocrx_word' id='word_1_128' title='bbox 333 1712 391 1778; x_wconf 92' lang='lat' dir='ltr'><strong>tali</strong></span> <span class='ocrx_word' id='word_1_129' title='bbox 414 1725 511 1792; x_wconf 85' lang='lat' dir='ltr'><strong>sorte,</strong></span> <span class='ocrx_word' id='word_1_130' title='bbox 535 1713 716 1778; x_wconf 86' lang='lat' dir='ltr'><strong>cruciatum</strong></span> <span class='ocrx_word' id='word_1_131' title='bbox 738 1713 889 1797; x_wconf 85' lang='lat' dir='ltr'><strong>effugere.</strong></span> <span class='ocrx_word' id='word_1_132' title='bbox 923 1711 1023 1777; x_wconf 89' lang='lat' dir='ltr'><strong>Plin.</strong></span> <span class='ocrx_word' id='word_1_133' title='bbox 1047 1733 1097 1798; x_wconf 88' lang='lat' dir='ltr'><strong>op.</strong></span> <span class='ocrx_word' id='word_1_134' title='bbox 1112 1714 1143 1792; x_wconf 91' lang='grc'><strong>6,</strong></span> <span class='ocrx_word' id='word_1_135' title='bbox 1163 1714 1208 1790; x_wconf 87' lang='grc'><strong>33,</strong></span> <span class='ocrx_word' id='word_1_136' title='bbox 1223 1713 1232 1775; x_wconf 97' lang='lat' dir='ltr'><strong>l</strong></span> <span class='ocrx_word' id='word_1_137' title='bbox 1249 1731 1270 1772; x_wconf 90' lang='grc' dir='ltr'>ι.</span> 
     </span>
     <span class='ocr_line' id='line_1_15' title="bbox 164 1810 1270 1899; baseline -0.004 -21"><span class='ocrx_word' id='word_1_138' title='bbox 164 1818 199 1879; x_wconf 90' lang='grc'><strong>11</strong></span> <span class='ocrx_word' id='word_1_139' title='bbox 229 1824 265 1880; x_wconf 95' lang='lat' dir='ltr'><strong>ut</strong></span> <span class='ocrx_word' id='word_1_140' title='bbox 290 1816 377 1879; x_wconf 90' lang='lat' dir='ltr'><strong>inter</strong></span> <span class='ocrx_word' id='word_1_141' title='bbox 403 1837 503 1882; x_wconf 82' lang='lat' dir='ltr'><strong>meas.</strong></span> <span class='ocrx_word' id='word_1_142' title='bbox 549 1815 652 1879; x_wconf 79' lang='lat' dir='ltr'><strong>Flor.</strong></span> <span class='ocrx_word' id='word_1_143' title='bbox 680 1815 713 1892; x_wconf 89' lang='lat'><strong>3,</strong></span> <span class='ocrx_word' id='word_1_144' title='bbox 738 1815 792 1899; x_wconf 88' lang='grc'><strong>17,</strong></span> <span class='ocrx_word' id='word_1_145' title='bbox 815 1813 1001 1896; x_wconf 68' lang='lat' dir='ltr'><strong>limatura,</strong></span> <span class='ocrx_word' id='word_1_146' title='bbox 1031 1827 1068 1880; x_wconf 93' lang='lat' dir='ltr'><strong>ut</strong></span> <span class='ocrx_word' id='word_1_147' title='bbox 1097 1815 1132 1880; x_wconf 89' lang='lat' dir='ltr'><strong>in</strong></span> <span class='ocrx_word' id='word_1_148' title='bbox 1159 1813 1207 1878; x_wconf 88' lang='lat' dir='ltr'><strong>tali</strong></span> <span class='ocrx_word' id='word_1_149' title='bbox 1224 1810 1270 1874; x_wconf 79' lang='lat' dir='ltr'><strong>dis·</strong></span> 
     </span>
     <span class='ocr_line' id='line_1_16' title="bbox 161 1910 1272 2002; baseline 0 -19"><span class='ocrx_word' id='word_1_150' title='bbox 161 1918 310 2000; x_wconf 88' lang='lat' dir='ltr'><strong>erimine,</strong></span> <span class='ocrx_word' id='word_1_151' title='bbox 339 1939 436 1985; x_wconf 88' lang='lat' dir='ltr'><strong>mors.</strong></span> <span class='ocrx_word' id='word_1_152' title='bbox 464 1918 499 1996; x_wconf 89' lang='lat'><strong>4,</strong></span> <span class='ocrx_word' id='word_1_153' title='bbox 526 1918 578 1997; x_wconf 87' lang='lat'><strong>12,</strong></span> <span class='ocrx_word' id='word_1_154' title='bbox 601 1916 644 1982; x_wconf 83' lang='lat'><strong>54</strong></span> <span class='ocrx_word' id='word_1_155' title='bbox 665 1937 725 1982; x_wconf 87' lang='lat' dir='ltr'><strong>neo</strong></span> <span class='ocrx_word' id='word_1_156' title='bbox 747 1927 868 1981; x_wconf 89' lang='lat' dir='ltr'><strong>temere</strong></span> <span class='ocrx_word' id='word_1_157' title='bbox 890 1927 1055 2002; x_wconf 88' lang='lat' dir='ltr'><strong>sumptus,</strong></span> <span class='ocrx_word' id='word_1_158' title='bbox 1084 1927 1122 1982; x_wconf 92' lang='lat' dir='ltr'><strong>ut</strong></span> <span class='ocrx_word' id='word_1_159' title='bbox 1149 1910 1272 1983; x_wconf 71' lang='lat' dir='ltr'><strong>battis</strong></span> 
     </span>
     <span class='ocr_line' id='line_1_17' title="bbox 161 2021 312 2105; baseline -0.013 -22"><span class='ocrx_word' id='word_1_160' title='bbox 161 2021 312 2105; x_wconf 87' lang='lat' dir='ltr'><strong>impetus.</strong></span> 
     </span>
    </p>

    <p class='ocr_par' dir='ltr' id='par_1_10' title="bbox 103 2119 1286 4132">
     <span class='ocr_line' id='line_1_18' title="bbox 246 2119 1274 2206; baseline -0.003 -20"><span class='ocrx_word' id='word_1_161' title='bbox 246 2121 277 2186; x_wconf 90' lang='lat' dir='ltr'><strong>d.</strong></span> <span class='ocrx_word' id='word_1_162' title='bbox 308 2119 349 2188; x_wconf 83' lang='lat' dir='ltr'><strong>Ut</strong></span> <span class='ocrx_word' id='word_1_163' title='bbox 375 2119 442 2184; x_wconf 87' lang='lat' dir='ltr'><strong>und</strong></span> <span class='ocrx_word' id='word_1_164' title='bbox 469 2123 550 2187; x_wconf 73' lang='lat' dir='ltr'><strong>siottt</strong></span> <span class='ocrx_word' id='word_1_165' title='bbox 577 2119 784 2206; x_wconf 85' lang='lat' dir='ltr'><strong>vergleiohen</strong></span> <span class='ocrx_word' id='word_1_166' title='bbox 814 2119 972 2185; x_wconf 81' lang='lat' dir='ltr'><strong>auweilen</strong></span> <span class='ocrx_word' id='word_1_167' title='bbox 1000 2121 1072 2185; x_wconf 92' lang='lat' dir='ltr'><strong>mit</strong></span> <span class='ocrx_word' id='word_1_168' title='bbox 1095 2121 1209 2185; x_wconf 89' lang='lat' dir='ltr'><strong>einem</strong></span> <span class='ocrx_word' id='word_1_169' title='bbox 1225 2133 1274 2200; x_wconf 72' lang='lat' dir='ltr'><strong>ge·</strong></span> 
     </span>
     <span class='ocr_line' id='line_1_19' title="bbox 161 2215 1276 2302; baseline -0.005 -15"><span class='ocrx_word' id='word_1_170' title='bbox 161 2222 597 2297; x_wconf 75' lang='lat' dir='ltr'><strong>wisseuNaohdruok:</strong></span> <span class='ocrx_word' id='word_1_171' title='bbox 628 2223 711 2302; x_wconf 89' lang='lat' dir='ltr'><strong>„wie</strong></span> <span class='ocrx_word' id='word_1_172' title='bbox 742 2224 776 2287; x_wconf 90' lang='lat' dir='ltr'><strong>in</strong></span> <span class='ocrx_word' id='word_1_173' title='bbox 811 2222 870 2287; x_wconf 92' lang='lat' dir='ltr'><strong>der</strong></span> <span class='ocrx_word' id='word_1_174' title='bbox 897 2221 999 2302; x_wconf 85' lang='lat' dir='ltr'><strong>That,</strong></span> <span class='ocrx_word' id='word_1_175' title='bbox 1035 2223 1097 2288; x_wconf 88' lang='lat' dir='ltr'><strong>wie</strong></span> <span class='ocrx_word' id='word_1_176' title='bbox 1123 2215 1276 2288; x_wconf 59' lang='lat' dir='ltr'><strong>wirkliw</strong></span> 
     </span>
     <span class='ocr_line' id='line_1_20' title="bbox 162 2315 1278 2410; baseline -0.006 -21"><span class='ocrx_word' id='word_1_177' title='bbox 162 2324 241 2389; x_wconf 84' lang='lat' dir='ltr'><strong>Cic.</strong></span> <span class='ocrx_word' id='word_1_178' title='bbox 258 2345 324 2410; x_wconf 89' lang='lat' dir='ltr'><strong>rep.</strong></span> <span class='ocrx_word' id='word_1_179' title='bbox 347 2323 378 2401; x_wconf 88' lang='grc'><strong>3,</strong></span> <span class='ocrx_word' id='word_1_180' title='bbox 393 2323 459 2407; x_wconf 89' lang='grc'><strong>3,4</strong></span> <span class='ocrx_word' id='word_1_181' title='bbox 482 2320 549 2388; x_wconf 79' lang='lat' dir='ltr'><strong>sim</strong></span> <span class='ocrx_word' id='word_1_182' title='bbox 569 2324 664 2389; x_wconf 90' lang='lat' dir='ltr'><strong>nobis</strong></span> <span class='ocrx_word' id='word_1_183' title='bbox 686 2324 742 2389; x_wconf 90' lang='lat' dir='ltr'><strong>isti</strong></span> <span class='ocrx_word' id='word_1_184' title='bbox 764 2324 873 2410; x_wconf 86' lang='lat' dir='ltr'><strong>magni</strong></span> <span class='ocrx_word' id='word_1_185' title='bbox 895 2323 1053 2405; x_wconf 85' lang='lat' dir='ltr'><strong>homines,</strong></span> <span class='ocrx_word' id='word_1_186' title='bbox 1076 2334 1113 2390; x_wconf 89' lang='lat' dir='ltr'><strong>ut</strong></span> <span class='ocrx_word' id='word_1_187' title='bbox 1134 2315 1278 2399; x_wconf 68' lang='lat' dir='ltr'><strong>austrini</strong></span> 
     </span>
     <span class='ocr_line' id='line_1_21' title="bbox 163 2417 1279 2511; baseline -0.003 -22"><span class='ocrx_word' id='word_1_188' title='bbox 163 2427 283 2492; x_wconf 89' lang='lat' dir='ltr'><strong>eruditi</strong></span> <span class='ocrx_word' id='word_1_189' title='bbox 312 2434 367 2490; x_wconf 89' lang='lat' dir='ltr'><strong>ott.</strong></span> <span class='ocrx_word' id='word_1_190' title='bbox 412 2424 528 2491; x_wconf 85' lang='lat' dir='ltr'><strong>Gleioh</strong></span> <span class='ocrx_word' id='word_1_191' title='bbox 559 2425 690 2491; x_wconf 84' lang='lat' dir='ltr'><strong>darauf:</strong></span> <span class='ocrx_word' id='word_1_192' title='bbox 714 2417 855 2492; x_wconf 78' lang='lat' dir='ltr'><strong>traotala</strong></span> <span class='ocrx_word' id='word_1_193' title='bbox 876 2447 943 2506; x_wconf 87' lang='lat' dir='ltr'><strong>res,</strong></span> <span class='ocrx_word' id='word_1_194' title='bbox 972 2427 1059 2491; x_wconf 90' lang='lat' dir='ltr'><strong>sicut</strong></span> <span class='ocrx_word' id='word_1_195' title='bbox 1080 2435 1146 2511; x_wconf 88' lang='lat' dir='ltr'><strong>est,</strong></span> <span class='ocrx_word' id='word_1_196' title='bbox 1170 2419 1279 2489; x_wconf 73' lang='lat' dir='ltr'><strong>minime</strong></span> 
     </span>
     <span class='ocr_line' id='line_1_22' title="bbox 163 2526 1279 2621; baseline -0.004 -29"><span class='ocrx_word' id='word_1_197' title='bbox 163 2526 294 2615; x_wconf 91' lang='lat' dir='ltr'><strong>quidem</strong></span> <span class='ocrx_word' id='word_1_198' title='bbox 324 2527 569 2593; x_wconf 83' lang='lat' dir='ltr'><strong>contemnenda.</strong></span> <span class='ocrx_word' id='word_1_199' title='bbox 601 2550 633 2613; x_wconf 92' lang='lat' dir='ltr'><strong>p.</strong></span> <span class='ocrx_word' id='word_1_200' title='bbox 661 2526 729 2593; x_wconf 88' lang='lat' dir='ltr'><strong>red.</strong></span> <span class='ocrx_word' id='word_1_201' title='bbox 756 2529 791 2592; x_wconf 91' lang='lat' dir='ltr'><strong>in</strong></span> <span class='ocrx_word' id='word_1_202' title='bbox 821 2550 888 2593; x_wconf 89' lang='lat' dir='ltr'><strong>sen.</strong></span> <span class='ocrx_word' id='word_1_203' title='bbox 912 2529 947 2605; x_wconf 97' lang='grc'><strong>7,</strong></span> <span class='ocrx_word' id='word_1_204' title='bbox 973 2529 1011 2621; x_wconf 81' lang='grc'><strong>17</strong></span> <span class='ocrx_word' id='word_1_205' title='bbox 1035 2526 1193 2592; x_wconf 82' lang='lat' dir='ltr'><strong>consulem</strong></span> <span class='ocrx_word' id='word_1_206' title='bbox 1211 2534 1279 2586; x_wconf 59' lang='lat' dir='ltr'><strong>estes</strong></span> 
     </span>
     <span class='ocr_line' id='line_1_23' title="bbox 162 2608 1279 2724; baseline -0.002 -31"><span class='ocrx_word' id='word_1_207' title='bbox 162 2628 248 2694; x_wconf 90' lang='lat' dir='ltr'><strong>siout</strong></span> <span class='ocrx_word' id='word_1_208' title='bbox 276 2651 347 2694; x_wconf 86' lang='lat' dir='ltr'><strong>eras</strong></span> <span class='ocrx_word' id='word_1_209' title='bbox 371 2650 408 2693; x_wconf 93' lang='lat' dir='ltr'><strong>eo</strong></span> <span class='ocrx_word' id='word_1_210' title='bbox 432 2639 586 2724; x_wconf 82' lang='lat' dir='ltr'><strong>tempore.</strong></span> <span class='ocrx_word' id='word_1_211' title='bbox 619 2629 724 2715; x_wconf 89' lang='lat' dir='ltr'><strong>(Aber</strong></span> <span class='ocrx_word' id='word_1_212' title='bbox 745 2629 832 2696; x_wconf 84' lang='lat' dir='ltr'><strong>wohl</strong></span> <span class='ocrx_word' id='word_1_213' title='bbox 853 2629 1000 2712; x_wconf 76' lang='lat' dir='ltr'><strong>uneoht.l</strong></span> <span class='ocrx_word' id='word_1_214' title='bbox 1032 2651 1065 2715; x_wconf 92' lang='lat' dir='ltr'><strong>p.</strong></span> <span class='ocrx_word' id='word_1_215' title='bbox 1090 2626 1176 2695; x_wconf 87' lang='lat' dir='ltr'><strong>Sulla</strong></span> <span class='ocrx_word' id='word_1_216' title='bbox 1194 2626 1221 2704; x_wconf 90' lang='grc'><strong>9,</strong></span> <span class='ocrx_word' id='word_1_217' title='bbox 1238 2608 1279 2682; x_wconf 73' lang='lat'><strong>23</strong></span> 
     </span>
     <span class='ocr_line' id='line_1_24' title="bbox 163 2720 1277 2819; baseline -0.002 -26"><span class='ocrx_word' id='word_1_218' title='bbox 163 2741 355 2818; x_wconf 83' lang='lat' dir='ltr'><strong>extorquere</strong></span> <span class='ocrx_word' id='word_1_219' title='bbox 384 2731 490 2816; x_wconf 89' lang='lat' dir='ltr'><strong>potui,</strong></span> <span class='ocrx_word' id='word_1_220' title='bbox 513 2731 611 2796; x_wconf 87' lang='lat' dir='ltr'><strong>sicuti</strong></span> <span class='ocrx_word' id='word_1_221' title='bbox 640 2731 713 2796; x_wconf 83' lang='lat' dir='ltr'><strong>feei.</strong></span> <span class='ocrx_word' id='word_1_222' title='bbox 747 2756 778 2819; x_wconf 94' lang='lat' dir='ltr'><strong>p.</strong></span> <span class='ocrx_word' id='word_1_223' title='bbox 811 2731 940 2796; x_wconf 85' lang='lat' dir='ltr'><strong>Cluent.</strong></span> <span class='ocrx_word' id='word_1_224' title='bbox 969 2732 1005 2814; x_wconf 90' lang='grc'><strong>3,</strong></span> <span class='ocrx_word' id='word_1_225' title='bbox 1034 2731 1054 2796; x_wconf 86' lang='grc'>8</span> <span class='ocrx_word' id='word_1_226' title='bbox 1082 2752 1133 2795; x_wconf 91' lang='lat' dir='ltr'><strong>me</strong></span> <span class='ocrx_word' id='word_1_227' title='bbox 1152 2720 1277 2794; x_wconf 61' lang='lat' dir='ltr'><strong>sumtis,</strong></span> 
     </span>
     <span class='ocr_line' id='line_1_25' title="bbox 164 2827 1277 2920; baseline -0.008 -24"><span class='ocrx_word' id='word_1_228' title='bbox 164 2834 259 2919; x_wconf 86' lang='lat' dir='ltr'><strong>quasi</strong></span> <span class='ocrx_word' id='word_1_229' title='bbox 280 2832 342 2897; x_wconf 90' lang='lat' dir='ltr'><strong>hoo</strong></span> <span class='ocrx_word' id='word_1_230' title='bbox 365 2841 509 2917; x_wconf 87' lang='lat' dir='ltr'><strong>tempore</strong></span> <span class='ocrx_word' id='word_1_231' title='bbox 532 2830 611 2897; x_wconf 84' lang='lat' dir='ltr'><strong>haec</strong></span> <span class='ocrx_word' id='word_1_232' title='bbox 633 2855 731 2897; x_wconf 87' lang='lat' dir='ltr'><strong>causa</strong></span> <span class='ocrx_word' id='word_1_233' title='bbox 745 2835 884 2920; x_wconf 90' lang='lat' dir='ltr'><strong>primum</strong></span> <span class='ocrx_word' id='word_1_234' title='bbox 901 2832 1040 2915; x_wconf 83' lang='lat' dir='ltr'><strong>dicatur,</strong></span> <span class='ocrx_word' id='word_1_235' title='bbox 1064 2833 1157 2898; x_wconf 86' lang='lat' dir='ltr'><strong>sicuti</strong></span> <span class='ocrx_word' id='word_1_236' title='bbox 1171 2827 1277 2896; x_wconf 83' lang='lat' dir='ltr'><strong>dicitur·</strong></span> 
     </span>
     <span class='ocr_line' id='line_1_26' title="bbox 162 2919 1278 3021; baseline -0.006 -23"><span class='ocrx_word' id='word_1_237' title='bbox 162 2933 214 2998; x_wconf 85' lang='lat' dir='ltr'><strong>off.</strong></span> <span class='ocrx_word' id='word_1_238' title='bbox 239 2935 258 2998; x_wconf 89' lang='grc'>3</span> <span class='ocrx_word' id='word_1_239' title='bbox 281 2938 311 3016; x_wconf 65' lang='lat'><strong>5.</strong></span> <span class='ocrx_word' id='word_1_240' title='bbox 338 2934 397 2998; x_wconf 93' lang='grc'><strong>117</strong></span> <span class='ocrx_word' id='word_1_241' title='bbox 421 2935 570 3019; x_wconf 85' lang='lat' dir='ltr'><strong>quamvis</strong></span> <span class='ocrx_word' id='word_1_242' title='bbox 593 2974 634 2982; x_wconf 91' lang='lat'>-</span> <span class='ocrx_word' id='word_1_243' title='bbox 657 2935 744 2999; x_wconf 84' lang='lat' dir='ltr'><strong>dieat</strong></span> <span class='ocrx_word' id='word_1_244' title='bbox 772 2935 949 3021; x_wconf 82' lang='lat' dir='ltr'><strong>Epicurus,</strong></span> <span class='ocrx_word' id='word_1_245' title='bbox 978 2934 1078 2999; x_wconf 86' lang='lat' dir='ltr'><strong>sicuti</strong></span> <span class='ocrx_word' id='word_1_246' title='bbox 1101 2933 1191 3011; x_wconf 85' lang='lat' dir='ltr'><strong>dicit,</strong></span> <span class='ocrx_word' id='word_1_247' title='bbox 1213 2919 1278 2991; x_wconf 65' lang='lat' dir='ltr'><strong>saliss</strong></span> 
     </span>
     <span class='ocr_line' id='line_1_27' title="bbox 162 3032 1278 3126; baseline -0.003 -28"><span class='ocrx_word' id='word_1_248' title='bbox 162 3036 292 3100; x_wconf 89' lang='lat' dir='ltr'><strong>fortiter</strong></span> <span class='ocrx_word' id='word_1_249' title='bbox 319 3035 361 3099; x_wconf 88' lang='lat' dir='ltr'><strong>de</strong></span> <span class='ocrx_word' id='word_1_250' title='bbox 389 3033 510 3100; x_wconf 91' lang='lat' dir='ltr'><strong>dolore.</strong></span> <span class='ocrx_word' id='word_1_251' title='bbox 555 3035 666 3101; x_wconf 88' lang='lat' dir='ltr'><strong>Selten</strong></span> <span class='ocrx_word' id='word_1_252' title='bbox 695 3038 754 3100; x_wconf 92' lang='lat' dir='ltr'><strong>mit</strong></span> <span class='ocrx_word' id='word_1_253' title='bbox 782 3034 1047 3101; x_wconf 84' lang='lat' dir='ltr'><strong>versicherndem</strong></span> <span class='ocrx_word' id='word_1_254' title='bbox 1071 3032 1278 3126; x_wconf 49' lang='lat' dir='ltr'><strong>Adrerbtff</strong></span> 
     </span>
     <span class='ocr_line' id='line_1_28' title="bbox 163 3129 1279 3220; baseline 0.002 -20"><span class='ocrx_word' id='word_1_255' title='bbox 163 3135 279 3202; x_wconf 85' lang='lat' dir='ltr'><strong>Flacco</strong></span> <span class='ocrx_word' id='word_1_256' title='bbox 302 3135 359 3219; x_wconf 89' lang='grc'><strong>25,</strong></span> <span class='ocrx_word' id='word_1_257' title='bbox 382 3136 425 3201; x_wconf 87' lang='grc'><strong>59</strong></span> <span class='ocrx_word' id='word_1_258' title='bbox 447 3139 475 3201; x_wconf 92' lang='lat' dir='ltr'><strong>si</strong></span> <span class='ocrx_word' id='word_1_259' title='bbox 497 3136 605 3220; x_wconf 90' lang='lat' dir='ltr'><strong>licuit,</strong></span> <span class='ocrx_word' id='word_1_260' title='bbox 636 3139 731 3202; x_wconf 90' lang='lat' dir='ltr'><strong>sicuti</strong></span> <span class='ocrx_word' id='word_1_261' title='bbox 753 3143 831 3202; x_wconf 81' lang='lat' dir='ltr'><strong>certe</strong></span> <span class='ocrx_word' id='word_1_262' title='bbox 853 3137 954 3202; x_wconf 88' lang='lat' dir='ltr'><strong>liouit.</strong></span> <span class='ocrx_word' id='word_1_263' title='bbox 987 3136 1065 3199; x_wconf 86' lang='lat' dir='ltr'><strong>fam.</strong></span> <span class='ocrx_word' id='word_1_264' title='bbox 1091 3137 1140 3215; x_wconf 87' lang='lat'><strong>13,</strong></span> <span class='ocrx_word' id='word_1_265' title='bbox 1160 3134 1206 3211; x_wconf 80' lang='grc'><strong>04.</strong></span> <span class='ocrx_word' id='word_1_266' title='bbox 1221 3129 1234 3192; x_wconf 77' lang='lat'><strong>2</strong></span> <span class='ocrx_word' id='word_1_267' title='bbox 1248 3135 1279 3186; x_wconf 78' lang='lat'><strong>⁵¹</strong></span> 
     </span>
     <span class='ocr_line' id='line_1_29' title="bbox 163 3231 1280 3322; baseline -0.003 -20"><span class='ocrx_word' id='word_1_268' title='bbox 163 3247 196 3302; x_wconf 85' lang='lat' dir='ltr'><strong>te</strong></span> <span class='ocrx_word' id='word_1_269' title='bbox 224 3238 353 3302; x_wconf 83' lang='lat' dir='ltr'><strong>fautore</strong></span> <span class='ocrx_word' id='word_1_270' title='bbox 381 3260 459 3301; x_wconf 88' lang='lat' dir='ltr'><strong>usus</strong></span> <span class='ocrx_word' id='word_1_271' title='bbox 491 3242 568 3317; x_wconf 89' lang='lat' dir='ltr'><strong>erit,</strong></span> <span class='ocrx_word' id='word_1_272' title='bbox 595 3231 690 3303; x_wconf 84' lang='lat' dir='ltr'><strong>siouti</strong></span> <span class='ocrx_word' id='word_1_273' title='bbox 717 3240 853 3322; x_wconf 73' lang='lat' dir='ltr'><strong>profesto</strong></span> <span class='ocrx_word' id='word_1_274' title='bbox 883 3250 917 3304; x_wconf 89' lang='lat' dir='ltr'><strong>ot</strong></span> <span class='ocrx_word' id='word_1_275' title='bbox 944 3248 1056 3302; x_wconf 92' lang='lat' dir='ltr'><strong>utetur</strong></span> <span class='ocrx_word' id='word_1_276' title='bbox 1083 3247 1116 3302; x_wconf 89' lang='lat' dir='ltr'><strong>et</strong></span> <span class='ocrx_word' id='word_1_277' title='bbox 1141 3257 1210 3301; x_wconf 87' lang='lat' dir='ltr'><strong>usus</strong></span> <span class='ocrx_word' id='word_1_278' title='bbox 1228 3232 1280 3292; x_wconf 53' lang='lat' dir='ltr'><strong>etss</strong></span> 
     </span>
     <span class='ocr_line' id='line_1_30' title="bbox 163 3337 1281 3424; baseline -0.004 -19"><span class='ocrx_word' id='word_1_279' title='bbox 163 3340 272 3405; x_wconf 85' lang='lat' dir='ltr'><strong>Caes.</strong></span> <span class='ocrx_word' id='word_1_280' title='bbox 298 3339 328 3401; x_wconf 94' lang='lat' dir='ltr'><strong>b.</strong></span> <span class='ocrx_word' id='word_1_281' title='bbox 351 3361 382 3424; x_wconf 90' lang='lat' dir='ltr'><strong>g.</strong></span> <span class='ocrx_word' id='word_1_282' title='bbox 407 3340 436 3421; x_wconf 93' lang='grc'><strong>7,</strong></span> <span class='ocrx_word' id='word_1_283' title='bbox 459 3341 478 3404; x_wconf 90' lang='grc'>3</span> <span class='ocrx_word' id='word_1_284' title='bbox 501 3351 538 3404; x_wconf 92' lang='lat' dir='ltr'><strong>ut</strong></span> <span class='ocrx_word' id='word_1_285' title='bbox 559 3350 628 3404; x_wconf 89' lang='lat' dir='ltr'><strong>tum</strong></span> <span class='ocrx_word' id='word_1_286' title='bbox 654 3340 785 3409; x_wconf 85' lang='lat' dir='ltr'><strong>accidit.</strong></span> <span class='ocrx_word' id='word_1_287' title='bbox 829 3341 928 3423; x_wconf 87' lang='lat' dir='ltr'><strong>(Eine</strong></span> <span class='ocrx_word' id='word_1_288' title='bbox 954 3338 1149 3424; x_wconf 86' lang='lat' dir='ltr'><strong>allgemeine</strong></span> <span class='ocrx_word' id='word_1_289' title='bbox 1173 3337 1281 3401; x_wconf 75' lang='lat' dir='ltr'><strong>Bemer·</strong></span> 
     </span>
     <span class='ocr_line' id='line_1_31' title="bbox 162 3431 1281 3527; baseline -0.004 -23"><span class='ocrx_word' id='word_1_290' title='bbox 162 3440 256 3525; x_wconf 88' lang='lat' dir='ltr'><strong>kung</strong></span> <span class='ocrx_word' id='word_1_291' title='bbox 278 3440 367 3503; x_wconf 85' lang='lat' dir='ltr'><strong>ward</strong></span> <span class='ocrx_word' id='word_1_292' title='bbox 391 3440 496 3505; x_wconf 87' lang='lat' dir='ltr'><strong>durch</strong></span> <span class='ocrx_word' id='word_1_293' title='bbox 518 3442 593 3520; x_wconf 89' lang='lat' dir='ltr'><strong>das,</strong></span> <span class='ocrx_word' id='word_1_294' title='bbox 621 3463 687 3505; x_wconf 86' lang='lat' dir='ltr'><strong>was</strong></span> <span class='ocrx_word' id='word_1_295' title='bbox 712 3443 844 3521; x_wconf 83' lang='lat' dir='ltr'><strong>eintrat,</strong></span> <span class='ocrx_word' id='word_1_296' title='bbox 873 3442 1057 3527; x_wconf 80' lang='lat' dir='ltr'><strong>bestatigt.)</strong></span> <span class='ocrx_word' id='word_1_297' title='bbox 1103 3440 1146 3506; x_wconf 89' lang='lat' dir='ltr'><strong>So</strong></span> <span class='ocrx_word' id='word_1_298' title='bbox 1166 3435 1232 3504; x_wconf 86' lang='lat' dir='ltr'><strong>auol</strong></span> <span class='ocrx_word' id='word_1_299' title='bbox 1247 3431 1281 3494; x_wconf 77' lang='lat' dir='ltr'><strong>b·</strong></span> 
     </span>
     <span class='ocr_line' id='line_1_32' title="bbox 163 3527 1282 3630; baseline 0.002 -26"><span class='ocrx_word' id='word_1_300' title='bbox 163 3565 190 3605; x_wconf 71' lang='lat' dir='ltr'><strong>c..</strong></span> <span class='ocrx_word' id='word_1_301' title='bbox 217 3544 251 3620; x_wconf 90' lang='lat'><strong>1,</strong></span> <span class='ocrx_word' id='word_1_302' title='bbox 279 3541 330 3606; x_wconf 85' lang='lat' dir='ltr'><strong>ao.</strong></span> <span class='ocrx_word' id='word_1_303' title='bbox 353 3542 388 3620; x_wconf 83' lang='lat'><strong>2,</strong></span> <span class='ocrx_word' id='word_1_304' title='bbox 411 3543 442 3610; x_wconf 82' lang='lat'><strong>4.</strong></span> <span class='ocrx_word' id='word_1_305' title='bbox 470 3544 505 3621; x_wconf 87' lang='lat'><strong>3,</strong></span> <span class='ocrx_word' id='word_1_306' title='bbox 535 3544 585 3612; x_wconf 85' lang='lat' dir='ltr'><strong>os.</strong></span> <span class='ocrx_word' id='word_1_307' title='bbox 614 3543 761 3630; x_wconf 75' lang='lat' dir='ltr'><strong>(Nepos</strong></span> <span class='ocrx_word' id='word_1_308' title='bbox 790 3545 823 3622; x_wconf 82' lang='grc' dir='ltr'><strong>ι,</strong></span> <span class='ocrx_word' id='word_1_309' title='bbox 852 3545 887 3625; x_wconf 84' lang='grc' dir='ltr'><strong>ι,</strong></span> <span class='ocrx_word' id='word_1_310' title='bbox 914 3542 1043 3607; x_wconf 73' lang='lat' dir='ltr'><strong>assem</strong></span> <span class='ocrx_word' id='word_1_311' title='bbox 1066 3554 1134 3608; x_wconf 77' lang='lat' dir='ltr'><strong>um</strong></span> <span class='ocrx_word' id='word_1_312' title='bbox 1160 3527 1282 3606; x_wconf 65' lang='lat' dir='ltr'><strong>sator-l</strong></span> 
     </span>
     <span class='ocr_line' id='line_1_33' title="bbox 163 3629 1282 3733; baseline -0.002 -25"><span class='ocrx_word' id='word_1_313' title='bbox 163 3642 257 3708; x_wconf 81' lang='lat' dir='ltr'><strong>Sall.</strong></span> <span class='ocrx_word' id='word_1_314' title='bbox 280 3642 356 3727; x_wconf 85' lang='lat' dir='ltr'><strong>Jug.</strong></span> <span class='ocrx_word' id='word_1_315' title='bbox 382 3644 457 3722; x_wconf 84' lang='lat'><strong>105,</strong></span> <span class='ocrx_word' id='word_1_316' title='bbox 479 3645 502 3708; x_wconf 89' lang='grc'>4</span> <span class='ocrx_word' id='word_1_317' title='bbox 523 3667 605 3724; x_wconf 88' lang='lat' dir='ltr'><strong>rem,</strong></span> <span class='ocrx_word' id='word_1_318' title='bbox 629 3655 664 3710; x_wconf 92' lang='lat' dir='ltr'><strong>ut</strong></span> <span class='ocrx_word' id='word_1_319' title='bbox 687 3655 769 3723; x_wconf 91' lang='lat' dir='ltr'><strong>erat,</strong></span> <span class='ocrx_word' id='word_1_320' title='bbox 793 3646 936 3733; x_wconf 89' lang='lat' dir='ltr'><strong>quietam</strong></span> <span class='ocrx_word' id='word_1_321' title='bbox 958 3645 1122 3710; x_wconf 87' lang='lat' dir='ltr'><strong>nuntiant.</strong></span> <span class='ocrx_word' id='word_1_322' title='bbox 1163 3643 1232 3708; x_wconf 74' lang='lat' dir='ltr'><strong>Lu.</strong></span> <span class='ocrx_word' id='word_1_323' title='bbox 1247 3629 1282 3697; x_wconf 71' lang='lat'><strong>2.</strong></span> 
     </span>
     <span class='ocr_line' id='line_1_34' title="bbox 162 3744 1285 3831; baseline 0 -21"><span class='ocrx_word' id='word_1_324' title='bbox 162 3747 213 3824; x_wconf 88' lang='lat'><strong>28,</strong></span> <span class='ocrx_word' id='word_1_325' title='bbox 237 3747 258 3808; x_wconf 89' lang='grc'>2</span> <span class='ocrx_word' id='word_1_326' title='bbox 281 3767 351 3808; x_wconf 90' lang='lat' dir='ltr'><strong>eam</strong></span> <span class='ocrx_word' id='word_1_327' title='bbox 375 3766 442 3809; x_wconf 91' lang='lat' dir='ltr'><strong>rem</strong></span> <span class='ocrx_word' id='word_1_328' title='bbox 466 3745 614 3811; x_wconf 88' lang='lat' dir='ltr'><strong>eonsules</strong></span> <span class='ocrx_word' id='word_1_329' title='bbox 637 3747 712 3828; x_wconf 87' lang='lat' dir='ltr'><strong>rati,</strong></span> <span class='ocrx_word' id='word_1_330' title='bbox 735 3757 771 3812; x_wconf 87' lang='grc' dir='ltr'><strong>ιιι</strong></span> <span class='ocrx_word' id='word_1_331' title='bbox 793 3758 870 3824; x_wconf 78' lang='lat' dir='ltr'><strong>erat,</strong></span> <span class='ocrx_word' id='word_1_332' title='bbox 894 3746 1113 3831; x_wconf 82' lang='lat' dir='ltr'><strong>perniciosam</strong></span> <span class='ocrx_word' id='word_1_333' title='bbox 1133 3744 1174 3810; x_wconf 83' lang='lat' dir='ltr'><strong>ad</strong></span> <span class='ocrx_word' id='word_1_334' title='bbox 1193 3744 1285 3830; x_wconf 52' lang='lat' dir='ltr'><strong>patr&amp;</strong></span> 
     </span>
     <span class='ocr_line' id='line_1_35' title="bbox 164 3829 1286 3929; baseline -0.001 -18"><span class='ocrx_word' id='word_1_335' title='bbox 164 3846 324 3913; x_wconf 80' lang='lat' dir='ltr'><strong>deferunt.</strong></span> <span class='ocrx_word' id='word_1_336' title='bbox 347 3849 377 3928; x_wconf 88' lang='grc'>2,</span> <span class='ocrx_word' id='word_1_337' title='bbox 393 3848 445 3926; x_wconf 89' lang='grc'><strong>30,</strong></span> <span class='ocrx_word' id='word_1_338' title='bbox 471 3850 486 3911; x_wconf 92' lang='grc'>1</span> <span class='ocrx_word' id='word_1_339' title='bbox 511 3848 632 3929; x_wconf 88' lang='lat' dir='ltr'><strong>multis,</strong></span> <span class='ocrx_word' id='word_1_340' title='bbox 654 3858 691 3914; x_wconf 89' lang='lat' dir='ltr'><strong>ut</strong></span> <span class='ocrx_word' id='word_1_341' title='bbox 713 3860 792 3927; x_wconf 89' lang='lat' dir='ltr'><strong>erat,</strong></span> <span class='ocrx_word' id='word_1_342' title='bbox 817 3847 951 3914; x_wconf 86' lang='lat' dir='ltr'><strong>horrida</strong></span> <span class='ocrx_word' id='word_1_343' title='bbox 974 3886 1013 3895; x_wconf 91' lang='lat'>-</span> <span class='ocrx_word' id='word_1_344' title='bbox 1036 3847 1210 3914; x_wconf 85' lang='lat' dir='ltr'><strong>videbatur.</strong></span> <span class='ocrx_word' id='word_1_345' title='bbox 1236 3829 1286 3903; x_wconf 71' lang='lat'><strong>1⁰2</strong></span> 
     </span>
     <span class='ocr_line' id='line_1_36' title="bbox 162 3932 1285 4036; baseline 0.001 -24"><span class='ocrx_word' id='word_1_346' title='bbox 162 3951 197 4031; x_wconf 84' lang='grc'><strong>0,</strong></span> <span class='ocrx_word' id='word_1_347' title='bbox 220 3950 240 4013; x_wconf 87' lang='grc'>8</span> <span class='ocrx_word' id='word_1_348' title='bbox 271 3950 355 4014; x_wconf 89' lang='lat' dir='ltr'><strong>siout</strong></span> <span class='ocrx_word' id='word_1_349' title='bbox 377 3949 585 4036; x_wconf 82' lang='lat' dir='ltr'><strong>multiplicati</strong></span> <span class='ocrx_word' id='word_1_350' title='bbox 609 3960 692 4015; x_wconf 90' lang='lat' dir='ltr'><strong>sunt.</strong></span> <span class='ocrx_word' id='word_1_351' title='bbox 720 3946 775 4029; x_wconf 88' lang='grc'>24,</span> <span class='ocrx_word' id='word_1_352' title='bbox 798 3951 855 4030; x_wconf 87' lang='grc'>25,</span> <span class='ocrx_word' id='word_1_353' title='bbox 881 3950 921 4015; x_wconf 90' lang='grc'><strong>10</strong></span> <span class='ocrx_word' id='word_1_354' title='bbox 943 3951 1028 4014; x_wconf 86' lang='lat' dir='ltr'><strong>siout</strong></span> <span class='ocrx_word' id='word_1_355' title='bbox 1051 3960 1119 4015; x_wconf 90' lang='lat' dir='ltr'><strong>tum</strong></span> <span class='ocrx_word' id='word_1_356' title='bbox 1141 3932 1285 4024; x_wconf 80' lang='lat' dir='ltr'><strong>extempl⁰</strong></span> 
     </span>
     <span class='ocr_line' id='line_1_37' title="bbox 103 4049 1161 4132; baseline 0.005 -18"><span class='ocrx_word' id='word_1_357' title='bbox 103 4062 105 4068; x_wconf 85' lang='lat'>&#39;</span> <span class='ocrx_word' id='word_1_358' title='bbox 163 4052 240 4132; x_wconf 88' lang='lat' dir='ltr'><strong>(wie</strong></span> <span class='ocrx_word' id='word_1_359' title='bbox 263 4049 345 4114; x_wconf 89' lang='lat' dir='ltr'><strong>oben</strong></span> <span class='ocrx_word' id='word_1_360' title='bbox 371 4054 421 4117; x_wconf 88' lang='lat' dir='ltr'><strong>bei</strong></span> <span class='ocrx_word' id='word_1_361' title='bbox 444 4050 593 4132; x_wconf 82' lang='lat' dir='ltr'><strong>Caesar).</strong></span> <span class='ocrx_word' id='word_1_362' title='bbox 617 4053 668 4130; x_wconf 85' lang='lat'><strong>25,</strong></span> <span class='ocrx_word' id='word_1_363' title='bbox 690 4052 741 4130; x_wconf 88' lang='grc'>24,</span> <span class='ocrx_word' id='word_1_364' title='bbox 763 4053 785 4116; x_wconf 88' lang='grc'>4</span> <span class='ocrx_word' id='word_1_365' title='bbox 806 4053 891 4117; x_wconf 86' lang='lat' dir='ltr'><strong>sicut</strong></span> <span class='ocrx_word' id='word_1_366' title='bbox 912 4052 1021 4117; x_wconf 89' lang='lat' dir='ltr'><strong>territi</strong></span> <span class='ocrx_word' id='word_1_367' title='bbox 1043 4062 1129 4119; x_wconf 84' lang='lat' dir='ltr'><strong>sunt.</strong></span> <span class='ocrx_word' id='word_1_368' title='bbox 1151 4100 1161 4111; x_wconf 89' lang='lat'>-</span> 
     </span>
    </p>

    <p class='ocr_par' dir='ltr' id='par_1_11' title="bbox 162 4146 1282 4549">
     <span class='ocr_line' id='line_1_38' title="bbox 247 4146 1282 4240; baseline 0.002 -25"><span class='ocrx_word' id='word_1_369' title='bbox 247 4152 277 4216; x_wconf 88' lang='lat'><strong>2.</strong></span> <span class='ocrx_word' id='word_1_370' title='bbox 309 4152 375 4233; x_wconf 75' lang='lat' dir='ltr'><strong>Quo</strong></span> <span class='ocrx_word' id='word_1_371' title='bbox 404 4156 492 4220; x_wconf 81' lang='lat' dir='ltr'><strong>modo</strong></span> <span class='ocrx_word' id='word_1_372' title='bbox 520 4153 604 4218; x_wconf 89' lang='lat' dir='ltr'><strong>ohne</strong></span> <span class='ocrx_word' id='word_1_373' title='bbox 632 4153 904 4240; x_wconf 84' lang='lat' dir='ltr'><strong>entepreohendes</strong></span> <span class='ocrx_word' id='word_1_374' title='bbox 935 4154 1074 4220; x_wconf 88' lang='lat' dir='ltr'><strong>Advsrb</strong></span> <span class='ocrx_word' id='word_1_375' title='bbox 1107 4155 1149 4218; x_wconf 91' lang='lat' dir='ltr'><strong>im</strong></span> <span class='ocrx_word' id='word_1_376' title='bbox 1175 4146 1282 4228; x_wconf 70' lang='lat' dir='ltr'><strong>Haupt‘</strong></span> 
     </span>
     <span class='ocr_line' id='line_1_39' title="bbox 163 4255 1280 4342; baseline -0.005 -22"><span class='ocrx_word' id='word_1_377' title='bbox 163 4265 252 4320; x_wconf 81' lang='lat' dir='ltr'><strong>satae</strong></span> <span class='ocrx_word' id='word_1_378' title='bbox 275 4255 402 4322; x_wconf 90' lang='lat' dir='ltr'><strong>kommt</strong></span> <span class='ocrx_word' id='word_1_379' title='bbox 424 4256 530 4341; x_wconf 85' lang='lat' dir='ltr'><strong>wenig</strong></span> <span class='ocrx_word' id='word_1_380' title='bbox 555 4278 627 4321; x_wconf 92' lang='lat' dir='ltr'><strong>vor:</strong></span> <span class='ocrx_word' id='word_1_381' title='bbox 652 4255 752 4321; x_wconf 82' lang='lat' dir='ltr'><strong>Cato</strong></span> <span class='ocrx_word' id='word_1_382' title='bbox 775 4279 801 4319; x_wconf 90' lang='lat' dir='ltr'><strong>r.</strong></span> <span class='ocrx_word' id='word_1_383' title='bbox 823 4278 849 4321; x_wconf 93' lang='lat' dir='ltr'><strong>r.</strong></span> <span class='ocrx_word' id='word_1_384' title='bbox 874 4257 913 4319; x_wconf 91' lang='grc'><strong>10</strong></span> <span class='ocrx_word' id='word_1_385' title='bbox 936 4278 1000 4342; x_wconf 88' lang='lat' dir='ltr'><strong>quo</strong></span> <span class='ocrx_word' id='word_1_386' title='bbox 1016 4255 1114 4322; x_wconf 89' lang='lat' dir='ltr'><strong>modo</strong></span> <span class='ocrx_word' id='word_1_387' title='bbox 1129 4256 1280 4321; x_wconf 66' lang='lat' dir='ltr'><strong>olotum‘</strong></span> 
     </span>
     <span class='ocr_line' id='line_1_40' title="bbox 162 4333 1273 4447; baseline -0.002 -26"><span class='ocrx_word' id='word_1_388' title='bbox 162 4359 324 4423; x_wconf 87' lang='lat' dir='ltr'><strong>instruere</strong></span> <span class='ocrx_word' id='word_1_389' title='bbox 347 4367 485 4447; x_wconf 89' lang='lat' dir='ltr'><strong>oportet.</strong></span> <span class='ocrx_word' id='word_1_390' title='bbox 512 4359 543 4421; x_wconf 89' lang='lat' dir='ltr'><strong>ll</strong></span> <span class='ocrx_word' id='word_1_391' title='bbox 573 4381 604 4444; x_wconf 94' lang='lat' dir='ltr'><strong>q.</strong></span> <span class='ocrx_word' id='word_1_392' title='bbox 627 4380 669 4421; x_wconf 87' lang='lat' dir='ltr'><strong>m.</strong></span> <span class='ocrx_word' id='word_1_393' title='bbox 692 4357 821 4422; x_wconf 88' lang='lat' dir='ltr'><strong>vineam</strong></span> <span class='ocrx_word' id='word_1_394' title='bbox 836 4397 875 4406; x_wconf 88' lang='lat'>-</span> <span class='ocrx_word' id='word_1_395' title='bbox 893 4358 1055 4423; x_wconf 86' lang='lat' dir='ltr'><strong>instruere</strong></span> <span class='ocrx_word' id='word_1_396' title='bbox 1076 4366 1203 4444; x_wconf 89' lang='lat' dir='ltr'><strong>oportet.</strong></span> <span class='ocrx_word' id='word_1_397' title='bbox 1232 4333 1273 4410; x_wconf 67' lang='lat' dir='ltr'><strong>ld·</strong></span> 
     </span>
     <span class='ocr_line' id='line_1_41' title="bbox 162 4448 1272 4549; baseline -0.003 -27"><span class='ocrx_word' id='word_1_398' title='bbox 162 4480 213 4546; x_wconf 88' lang='lat' dir='ltr'><strong>ap.</strong></span> <span class='ocrx_word' id='word_1_399' title='bbox 236 4460 323 4526; x_wconf 82' lang='lat' dir='ltr'><strong>Fest.</strong></span> <span class='ocrx_word' id='word_1_400' title='bbox 347 4485 373 4526; x_wconf 89' lang='lat' dir='ltr'><strong>s.</strong></span> <span class='ocrx_word' id='word_1_401' title='bbox 398 4485 428 4527; x_wconf 90' lang='lat' dir='ltr'><strong>v.</strong></span> <span class='ocrx_word' id='word_1_402' title='bbox 445 4470 587 4525; x_wconf 85' lang='lat' dir='ltr'><strong>struere:</strong></span> <span class='ocrx_word' id='word_1_403' title='bbox 611 4482 642 4547; x_wconf 93' lang='lat' dir='ltr'><strong>q.</strong></span> <span class='ocrx_word' id='word_1_404' title='bbox 668 4482 708 4524; x_wconf 88' lang='lat' dir='ltr'><strong>m.</strong></span> <span class='ocrx_word' id='word_1_405' title='bbox 732 4459 796 4525; x_wconf 86' lang='lat' dir='ltr'><strong>sibi</strong></span> <span class='ocrx_word' id='word_1_406' title='bbox 825 4461 963 4549; x_wconf 90' lang='lat' dir='ltr'><strong>quisque</strong></span> <span class='ocrx_word' id='word_1_407' title='bbox 986 4463 1117 4527; x_wconf 84' lang='lat' dir='ltr'><strong>stroxit.</strong></span> <span class='ocrx_word' id='word_1_408' title='bbox 1158 4455 1208 4522; x_wconf 89' lang='lat' dir='ltr'><strong>Bei</strong></span> <span class='ocrx_word' id='word_1_409' title='bbox 1224 4448 1272 4511; x_wconf 73' lang='lat'><strong>(10⁰</strong></span> 
     </span>
    </p>
   </div>
   <div class='ocr_carea' id='block_1_3' title="bbox 0 0 1480 4988">
    <p class='ocr_par' dir='ltr' id='par_1_12' title="bbox 0 0 1480 4988">
     <span class='ocr_line' id='line_1_42' title="bbox 0 0 1480 4988; baseline 0 0"><span class='ocrx_word' id='word_1_410' title='bbox 0 0 1480 4988; x_wconf 95' lang='lat' dir='ltr'><strong> </strong></span> 
     </span>
    </p>
   </div>
  </div>
 </body>
</html>
