2948 4988
630 310 860 373 -117-

161 461 194 542 4,
215 461 238 525 2
259 472 341 549 quot
362 472 395 527 et
416 462 531 549 quanti
554 472 678 546 poetae,
702 462 757 548 qui
777 473 887 527 autem
904 475 1049 528 oratores
1065 465 1255 530 extiterunt.
1270 505 1312 512 —

162 563 255 627 Aber
283 562 375 627 nicht
404 562 478 628 Liv.
501 564 553 646 24,
577 564 674 646 tto
706 565 824 650 (jetatz
858 573 914 628 aut
936 565 1049 650 quod).
1096 565 1171 650 Vgl.
1195 566 1310 653 Eurip.

160 664 251 729 Med.
276 665 318 728 98
340 675 431 728 κινεῖ
450 665 605 749 κραδίαν,
629 676 720 730 κινεῖ
739 664 777 729 δὲ
799 664 912 748 χόλον.

246 766 278 830 6.
324 764 435 830 Seiten
457 765 549 831 dient
570 771 675 831 auten
697 765 796 846 datu,
825 789 880 831 um
903 767 993 831 einer
1014 767 1137 832 Roihe
1160 790 1225 835 von
1249 771 1311 834 Ge·

160 865 296 932 danken
312 866 371 931 dac
395 865 520 932 letzte
535 866 632 934 Glied
648 866 696 932 ala
712 868 770 933 das
786 867 1020 954 wichtigste
1036 869 1310 939 anauschliessen.

159 954 261 1034 llitirt
283 966 417 1033 werden
438 991 501 1033 nur
522 967 646 1035 Stelleu
669 992 727 1033 auc
751 968 910 1035 Cicero:
946 992 976 1056 p.
999 970 1084 1035 Mur.
1111 971 1149 1035 13
1172 993 1309 1057 magnus

159 1069 293 1135 dicendi
329 1069 437 1152 labor,
470 1091 590 1156 magna
617 1091 685 1151 rea,
717 1092 836 1155 magna
864 1069 1026 1157 dignitas,
1058 1079 1310 1140 commeantem

157 1175 279 1258 gratia.
317 1194 350 1235 n.
374 1172 406 1237 d.
429 1172 458 1252 2,
482 1171 525 1235 22
547 1172 689 1258 primurn
711 1183 748 1237 ut
769 1171 909 1236 mundus
932 1195 1031 1259 quam
1053 1175 1242 1260 aptissimus
1266 1179 1308 1241 sit

159 1273 202 1338 ad
224 1273 501 1361 permanendum,
533 1272 652 1338 deinde
674 1283 711 1339 ut
732 1272 822 1337 nulla
843 1297 878 1339 re
901 1284 1011 1359 egeat,
1045 1278 1183 1342 mammo
1205 1283 1309 1343 autem

159 1380 197 1440 ut
229 1377 266 1440 in
294 1397 334 1440 eo
363 1375 485 1441 eximia
512 1374 721 1462 pulchritudo
743 1376 787 1440 ait
809 1385 908 1462 atque
930 1377 1035 1440 omnia
1059 1378 1201 1443 ornatus.
1240 1379 1307 1444 div.

158 1477 191 1558 2,
212 1478 258 1542 43
280 1476 378 1542 docet
401 1513 438 1523 —
463 1486 585 1563 quanta
606 1475 788 1542 humilitate
811 1475 889 1541 luna
916 1478 1041 1542 feratur
1063 1489 1183 1542 terram
1205 1501 1309 1566 paene
1386 1501 1389 1504 ’

161 1580 367 1664 contingens,
400 1587 557 1664 quantum
579 1578 706 1642 absita
727 1580 879 1666 proxima
900 1578 1042 1644 Mercuri
1067 1578 1176 1663 stella,
1210 1583 1306 1647 multo

160 1686 265 1746 uum
286 1681 410 1763 loupiac
431 1700 451 1742 a
472 1679 621 1746 Veneria.

245 1784 274 1847 ’1.
318 1781 377 1846 Bei
401 1779 542 1845 Cicero
576 1782 740 1847 eracheint
772 1783 825 1848 die
858 1781 1007 1847 Partikel
1040 1783 1073 1846 in
1108 1783 1172 1848 den
1203 1783 1305 1871 philo·

165 1883 356 1970 aophiachen
379 1882 544 1947 Schriften
565 1882 748 1947 auffallend
770 1883 883 1969 hauiig
905 1906 978 1947 zum
1002 1884 1125 1949 Zweck
1148 1885 1207 1949 der
1229 1886 1306 1951 Ge·

169 1983 633 2069 dankeneutwickelung
671 1984 738 2049 und
771 1985 1015 2071 Anknlipfung,
1060 2010 1087 2049 z.
1122 1987 1160 2051 B.
1197 1987 1251 2052 off.
1290 1991 1303 2050 1

172 2090 199 2168 ξ.
220 2087 342 2152 18-28
364 2086 521 2152 vierzehn
541 2084 618 2149 Mal.
665 2085 772 2151 Dabei
801 2087 928 2151 kommt
954 2108 987 2150 es
1011 2108 1087 2169 vor,
1120 2087 1197 2153 daec
1220 2088 1305 2152 meh-

176 2209 234 2252 rere
260 2187 359 2254 Setae
391 2189 470 2253 oder
496 2187 658 2255 Perioden
691 2188 799 2252 hiuter
827 2190 983 2253 einander
1016 2190 1075 2253 mit
1102 2195 1206 2256 autem
1233 2213 1305 2255 ver·

179 2285 295 2354 bunden
307 2289 457 2354 werden:
481 2294 510 2372 g.
526 2289 569 2353 24
590 2289 765 2354 maximam
787 2301 905 2354 autem.
950 2291 1041 2355 Zwei
1057 2289 1170 2355 Zeilen
1193 2293 1306 2356 weiter

184 2393 205 2469 i.
221 2390 256 2457 25
276 2402 476 2478 expetuntur
497 2401 606 2457 autem
628 2391 774 2457 divitiae.
820 2391 861 2456 In
883 2392 942 2454 der
963 2392 1121 2457 rachaten
1143 2391 1248 2458 Zeile:
1270 2396 1306 2458 in

187 2492 280 2574 quibua
300 2504 420 2559 autem.
465 2492 508 2559 So
531 2492 617 2557 steht
639 2515 674 2558 es
698 2493 768 2558 drei
783 2493 852 2557 Mal
873 2493 906 2556 in
931 2495 1035 2557 ciuem
1056 2494 1304 2581 Paregraphen:

189 2589 228 2656 in.
244 2596 272 2674 3,
294 2596 344 2678 11,
367 2595 410 2660 58
440 2607 490 2659 ert
514 2604 623 2660 autem
653 2593 813 2677 officium3
847 2593 933 2657 daun
962 2594 1045 2657 nach
1076 2595 1146 2658 vier
1174 2595 1304 2661 Zeilen:

190 2701 225 2755 eat
240 2709 341 2762 autem
363 2697 434 2761 eiua
456 2699 584 2782 generis
603 2735 638 2743 —
657 2695 724 2760 und
746 2697 818 2760 eine
833 2695 924 2759 Zeile
940 2695 1068 2759 weiter:
1093 2696 1180 2782 quod
1195 2707 1304 2761 autem

191 2794 294 2862 atione.
338 2797 431 2863 acad.
457 2801 486 2880 1,
518 2799 568 2873 10,
595 2799 637 2864 36
670 2808 779 2863 cetera
811 2806 920 2861 autem
948 2835 985 2844 —
1016 2819 1099 2883 quae
1130 2808 1239 2862 autem
1267 2836 1303 2847 -

192 2905 276 2961 neutra
295 2910 406 2964 autern
429 2899 475 2980 (in
498 2898 575 2963 funs
593 2899 731 2981 Zeileu).
775 2898 851 2964 Und
877 2898 986 2983 gleich
1008 2899 1127 2963 darauf
1151 2901 1184 2964 in
1208 2905 1238 2982 ξ.
1261 2902 1302 2964 37

192 2997 250 3061 noch
277 3003 356 3066 zwei
390 2999 474 3064 Mal:
509 3001 631 3065 reiecta
662 3009 771 3064 autem
793 3036 834 3048 -
862 3000 972 3065 officia
1004 3010 1122 3087 autem.
1166 3001 1205 3065 In
1239 3001 1303 3066 den

192 3087 275 3165 Redeo
295 3102 370 3167 sehr
393 3102 496 3166 seiten
515 3103 582 3166 und
617 3100 773 3186 nirgends
796 3100 964 3190 aufiiillig,
999 3125 1026 3166 z.
1050 3102 1087 3167 B.
1120 3105 1202 3167 zwei
1234 3102 1303 3167 Mal

192 3210 214 3275 P·
229 3195 298 3267 Mur.
320 3204 350 3286 8,
376 3203 426 3272 18.
448 3243 490 3252 -
512 3204 576 3268 Ein
599 3208 703 3269 autem
724 3203 767 3267 iat
791 3203 863 3266 dem
887 3203 1010 3267 andern
1032 3204 1302 3288 untergeordnet:

192 3288 230 3360 fiss-
245 3302 270 3382 3,
290 3305 397 3388 t,24.
435 3302 511 3390 vgl.
535 3304 592 3368 Nr.
616 3306 646 3369 8.

114 3458 116 3477 ,
252 3404 277 3470 8.
315 3408 432 3472 Autem
458 3405 549 3470 leitet
576 3406 629 3470 die
657 3405 904 3471 Parenthese
938 3408 1008 3470 ein:
1043 3406 1111 3471 Cic.
1143 3405 1196 3470 off.
1229 3407 1302 3486 1,6

195 3503 254 3578 quod
271 3510 383 3572 vitium
405 3508 547 3594 effugere
569 3510 624 3594 qui
646 3506 734 3572 volet
761 3506 886 3593 (omnes
915 3517 1022 3572 autem
1045 3507 1131 3572 velle
1153 3507 1299 3592 debent),

195 3596 329 3674 adhibebit
350 3647 392 3659 -
423 3620 456 3674 et
487 3619 615 3695 tempus
649 3618 681 3673 et
714 3608 927 3693 diligentiam.
970 3609 1060 3674 Lael.
1085 3611 1113 3691 7,
1136 3609 1178 3671 24
1204 3608 1301 3673 credo

195 3710 272 3771 auteur
289 3732 359 3775 erse
380 3709 494 3775 multa.
539 3712 582 3776 So
605 3710 698 3790 lister,
722 3713 800 3775 aber
822 3710 912 3774 nicht
935 3709 1053 3774 defin.
1078 3711 1107 3791 3,
1132 3711 1161 3792 7,
1183 3712 1225 3774 24
1252 3708 1300 3774 illi

195 3795 280 3872 autem'
296 3809 462 3899 appellant
497 3816 577 3893 (was
610 3808 693 3876 noch
723 3834 787 3875 von
816 3832 897 3892 quoe
920 3817 1025 3876 autem
1056 3811 1202 3896 abhangt
1235 3812 1299 3875 und

194 3900 259 3973 nicht
274 3912 471 3978 Parenthese
493 3914 560 3997 iat).
604 3912 692 3977 Liv.
715 3906 1004 3995 6,1‚10f0edera
1027 3923 1059 3977 et
1082 3911 1170 3996 leges
1193 3912 1299 3996 (crant

192 4013 273 4074 aulem
291 4035 345 4079 cac
368 4013 541 4079 duodecim
564 4013 694 4079 tabulae
710 4016 780 4098 ott.)
797 4015 943 4100 conquiri
966 4015 1140 4078 iusserunt.
1165 4013 1194 4094 7,
1211 4012 1263 4094 41,
1279 4013 1298 4075 8

193 4112 221 4166 ul
240 4110 271 4175 de
294 4115 455 4203 stipendio
488 4116 634 4201 equitum
667 4116 848 4198 (merebant
875 4125 983 4179 autem
1011 4113 1134 4200 triplex
1156 4135 1194 4176 ca
1218 4124 1296 4176 tem·

192 4218 299 4295 mute)
330 4238 408 4282 aera
444 4215 660 4280 demerentur.
712 4217 764 4298 21,
792 4219 822 4296 ὁ,
854 4217 893 4280 10
929 4218 963 4279 in
1001 4217 1074 4299 ripa
1106 4214 1296 4300 elephantos

193 4307 389 4402 (qudraginta
421 4328 530 4383 autem
565 4318 670 4403 erant)
705 4318 858 4404 disponit.
903 4318 996 4381 Eben
1019 4338 1054 4379 so
1076 4316 1136 4379 mit
1158 4313 1297 4380 Zahlen-

191 4414 300 4495 fflgrbe:
332 4420 385 4503 24,
409 4420 441 4503 i,
464 4420 493 4483 2.
543 4419 637 4484 Ohne
663 4418 761 4485 Zahl:
796 4421 848 4502 28,
871 4420 965 4503 24,4
997 4418 1156 4482 Lacetani
1186 4426 1295 4481 autem
