<?xml version="1.0" encoding="UTF-8"?>
<!DOCTYPE html PUBLIC "-//W3C//DTD XHTML 1.0 Transitional//EN"
    "http://www.w3.org/TR/xhtml1/DTD/xhtml1-transitional.dtd">
<html xmlns="http://www.w3.org/1999/xhtml" xml:lang="en" lang="en">
 <head>
  <title>
</title>
<meta http-equiv="Content-Type" content="text/html;charset=utf-8" />
  <meta name='ocr-system' content='tesseract 3.04.00' />
  <meta name='ocr-capabilities' content='ocr_page ocr_carea ocr_par ocr_line ocrx_word'/>
</head>
<body>
  <div class='ocr_page' id='page_1' title='image "./historischesynt01draegoog/historischesynt01draegoog_0193.png"; bbox 0 0 2924 4994; ppageno 0'>
   <div class='ocr_carea' id='block_1_1' title="bbox 608 340 838 408">
    <p class='ocr_par' dir='ltr' id='par_1_1' title="bbox 608 340 838 408">
     <span class='ocr_line' id='line_1_1' title="bbox 608 340 838 408; baseline 0.004 -1"><span class='ocrx_word' id='word_1_1' title='bbox 608 340 838 408; x_wconf 82' lang='lat'>-178-</span> 
     </span>
    </p>
   </div>
   <div class='ocr_carea' id='block_1_2' title="bbox 83 493 1294 4543">
    <p class='ocr_par' dir='ltr' id='par_1_2' title="bbox 147 493 1294 1068">
     <span class='ocr_line' id='line_1_2' title="bbox 147 493 1294 582; baseline 0.001 -23"><span class='ocrx_word' id='word_1_2' title='bbox 147 543 149 546; x_wconf 22' lang='grc' dir='ltr'><strong><em>ι</em></strong></span> <span class='ocrx_word' id='word_1_3' title='bbox 237 493 505 580; x_wconf 72' lang='lat' dir='ltr'>Vernachlitssigt</span> <span class='ocrx_word' id='word_1_4' title='bbox 534 497 578 559; x_wconf 88' lang='lat' dir='ltr'>ist</span> <span class='ocrx_word' id='word_1_5' title='bbox 605 495 664 559; x_wconf 89' lang='lat' dir='ltr'>der</span> <span class='ocrx_word' id='word_1_6' title='bbox 686 496 881 576; x_wconf 85' lang='lat' dir='ltr'>Ausdruck,</span> <span class='ocrx_word' id='word_1_7' title='bbox 911 518 1005 561; x_wconf 87' lang='lat' dir='ltr'>wenn</span> <span class='ocrx_word' id='word_1_8' title='bbox 1034 497 1088 562; x_wconf 89' lang='lat' dir='ltr'>ein</span> <span class='ocrx_word' id='word_1_9' title='bbox 1116 496 1294 582; x_wconf 78' lang='lat' dir='ltr'>Frsgesets</span> 
     </span>
     <span class='ocr_line' id='line_1_3' title="bbox 151 596 1294 684; baseline 0.003 -24"><span class='ocrx_word' id='word_1_10' title='bbox 151 599 211 662; x_wconf 87' lang='lat' dir='ltr'>mit</span> <span class='ocrx_word' id='word_1_11' title='bbox 232 600 337 680; x_wconf 69' lang='lat' dir='ltr'>ipitur&#39;</span> <span class='ocrx_word' id='word_1_12' title='bbox 352 598 412 661; x_wconf 88' lang='lat' dir='ltr'>auf</span> <span class='ocrx_word' id='word_1_13' title='bbox 443 599 538 661; x_wconf 89' lang='lat' dir='ltr'>einen</span> <span class='ocrx_word' id='word_1_14' title='bbox 571 598 781 663; x_wconf 85' lang='lat' dir='ltr'>unmittelbnr</span> <span class='ocrx_word' id='word_1_15' title='bbox 814 596 1103 683; x_wconf 83' lang='lat' dir='ltr'>voreulgehenden</span> <span class='ocrx_word' id='word_1_16' title='bbox 1134 599 1294 684; x_wconf 85' lang='lat' dir='ltr'>positives</span> 
     </span>
     <span class='ocr_line' id='line_1_4' title="bbox 153 699 1294 786; baseline -0.001 -21"><span class='ocrx_word' id='word_1_17' title='bbox 153 700 230 765; x_wconf 84' lang='lat' dir='ltr'>Satz</span> <span class='ocrx_word' id='word_1_18' title='bbox 254 700 316 764; x_wconf 86' lang='lat' dir='ltr'>mit</span> <span class='ocrx_word' id='word_1_19' title='bbox 342 700 441 781; x_wconf 75' lang='lat' dir='ltr'>ipitur</span> <span class='ocrx_word' id='word_1_20' title='bbox 468 699 697 783; x_wconf 83' lang='lat' dir='ltr'>zuriiokweist‚</span> <span class='ocrx_word' id='word_1_21' title='bbox 729 701 790 764; x_wconf 86' lang='lat' dir='ltr'>wie</span> <span class='ocrx_word' id='word_1_22' title='bbox 813 701 891 764; x_wconf 85' lang='lat' dir='ltr'>Cio.</span> <span class='ocrx_word' id='word_1_23' title='bbox 917 709 984 786; x_wconf 85' lang='lat' dir='ltr'>top.</span> <span class='ocrx_word' id='word_1_24' title='bbox 1006 702 1035 779; x_wconf 89' lang='grc'>4,</span> <span class='ocrx_word' id='word_1_25' title='bbox 1057 699 1101 764; x_wconf 89' lang='grc'>25</span> <span class='ocrx_word' id='word_1_26' title='bbox 1123 699 1177 763; x_wconf 88' lang='lat' dir='ltr'>his</span> <span class='ocrx_word' id='word_1_27' title='bbox 1198 699 1294 784; x_wconf 82' lang='lat' dir='ltr'>igitur</span> 
     </span>
     <span class='ocr_line' id='line_1_5' title="bbox 152 798 1294 884; baseline 0.004 -22"><span class='ocrx_word' id='word_1_28' title='bbox 152 798 232 877; x_wconf 87' lang='lat' dir='ltr'>locis</span> <span class='ocrx_word' id='word_1_29' title='bbox 258 839 295 847; x_wconf 82' lang='grc'><strong>-</strong></span> <span class='ocrx_word' id='word_1_30' title='bbox 319 801 425 864; x_wconf 82' lang='lat' dir='ltr'>detur.</span> <span class='ocrx_word' id='word_1_31' title='bbox 468 800 586 865; x_wconf 85' lang='lat' dir='ltr'>Utrum</span> <span class='ocrx_word' id='word_1_32' title='bbox 609 800 710 884; x_wconf 87' lang='lat' dir='ltr'>igitur</span> <span class='ocrx_word' id='word_1_33' title='bbox 732 800 886 865; x_wconf 78' lang='lat' dir='ltr'>hactenus</span> <span class='ocrx_word' id='word_1_34' title='bbox 910 804 989 865; x_wconf 84' lang='lat' dir='ltr'>setis</span> <span class='ocrx_word' id='word_1_35' title='bbox 1016 799 1089 865; x_wconf 82' lang='lat' dir='ltr'>est?</span> <span class='ocrx_word' id='word_1_36' title='bbox 1111 799 1168 864; x_wconf 87' lang='lat' dir='ltr'>fin.</span> <span class='ocrx_word' id='word_1_37' title='bbox 1190 799 1225 883; x_wconf 88' lang='grc'>2,</span> <span class='ocrx_word' id='word_1_38' title='bbox 1247 801 1294 883; x_wconf 84' lang='grc'>28,</span> 
     </span>
     <span class='ocr_line' id='line_1_6' title="bbox 154 900 1294 988; baseline 0.001 -23"><span class='ocrx_word' id='word_1_39' title='bbox 154 901 196 965; x_wconf 88' lang='grc'>92</span> <span class='ocrx_word' id='word_1_40' title='bbox 218 900 312 965; x_wconf 86' lang='lat' dir='ltr'>dolor</span> <span class='ocrx_word' id='word_1_41' title='bbox 334 902 435 987; x_wconf 84' lang='lat' dir='ltr'>igitur</span> <span class='ocrx_word' id='word_1_42' title='bbox 456 938 498 950; x_wconf 81' lang='lat'>—</span> <span class='ocrx_word' id='word_1_43' title='bbox 520 913 683 970; x_wconf 83' lang='lat' dir='ltr'>metuetur</span> <span class='ocrx_word' id='word_1_44' title='bbox 707 924 835 988; x_wconf 81' lang='lat' dir='ltr'>semper</span> <span class='ocrx_word' id='word_1_45' title='bbox 857 911 912 967; x_wconf 86' lang='grc'><strong>011.</strong></span> <span class='ocrx_word' id='word_1_46' title='bbox 958 903 1026 983; x_wconf 75' lang='lat' dir='ltr'>Qut</span> <span class='ocrx_word' id='word_1_47' title='bbox 1047 911 1157 988; x_wconf 82' lang='lat' dir='ltr'>potest</span> <span class='ocrx_word' id='word_1_48' title='bbox 1178 905 1224 987; x_wconf 86' lang='lat' dir='ltr'>ig.</span> <span class='ocrx_word' id='word_1_49' title='bbox 1246 903 1294 966; x_wconf 74' lang='lat' dir='ltr'>hu</span> 
     </span>
     <span class='ocr_line' id='line_1_7' title="bbox 158 1002 927 1068; baseline -0.001 -1"><span class='ocrx_word' id='word_1_50' title='bbox 158 1003 265 1067; x_wconf 85' lang='lat' dir='ltr'>bitere</span> <span class='ocrx_word' id='word_1_51' title='bbox 288 1005 322 1067; x_wconf 90' lang='lat' dir='ltr'>in</span> <span class='ocrx_word' id='word_1_52' title='bbox 344 1003 443 1068; x_wconf 81' lang='lat' dir='ltr'>beate</span> <span class='ocrx_word' id='word_1_53' title='bbox 465 1005 536 1068; x_wconf 84' lang='lat' dir='ltr'>vita</span> <span class='ocrx_word' id='word_1_54' title='bbox 558 1007 675 1066; x_wconf 89' lang='lat' dir='ltr'>summi</span> <span class='ocrx_word' id='word_1_55' title='bbox 698 1002 775 1067; x_wconf 84' lang='lat' dir='ltr'>meli</span> <span class='ocrx_word' id='word_1_56' title='bbox 797 1004 927 1068; x_wconf 84' lang='lat' dir='ltr'>metus?</span> 
     </span>
    </p>

    <p class='ocr_par' dir='ltr' id='par_1_3' title="bbox 150 1105 1294 1902">
     <span class='ocr_line' id='line_1_8' title="bbox 240 1105 1294 1193; baseline 0 -24"><span class='ocrx_word' id='word_1_57' title='bbox 240 1106 268 1169; x_wconf 94' lang='lat'>7.</span> <span class='ocrx_word' id='word_1_58' title='bbox 307 1105 509 1168; x_wconf 87' lang='lat' dir='ltr'>Ausserdem</span> <span class='ocrx_word' id='word_1_59' title='bbox 541 1106 634 1168; x_wconf 87' lang='lat' dir='ltr'>dient</span> <span class='ocrx_word' id='word_1_60' title='bbox 666 1107 780 1187; x_wconf 68' lang='lat' dir='ltr'>dystro,</span> <span class='ocrx_word' id='word_1_61' title='bbox 807 1128 862 1169; x_wconf 85' lang='lat' dir='ltr'>um</span> <span class='ocrx_word' id='word_1_62' title='bbox 891 1130 956 1170; x_wconf 85' lang='lat' dir='ltr'>von</span> <span class='ocrx_word' id='word_1_63' title='bbox 979 1107 1038 1170; x_wconf 86' lang='lat' dir='ltr'>der</span> <span class='ocrx_word' id='word_1_64' title='bbox 1059 1106 1294 1193; x_wconf 83' lang='lat' dir='ltr'>Propositis</span> 
     </span>
     <span class='ocr_line' id='line_1_9' title="bbox 153 1205 1294 1293; baseline -0.002 -21"><span class='ocrx_word' id='word_1_65' title='bbox 153 1209 232 1272; x_wconf 87' lang='lat' dir='ltr'>oder</span> <span class='ocrx_word' id='word_1_66' title='bbox 253 1206 429 1271; x_wconf 83' lang='lat' dir='ltr'>Partitio</span> <span class='ocrx_word' id='word_1_67' title='bbox 454 1229 527 1270; x_wconf 83' lang='lat' dir='ltr'>zum</span> <span class='ocrx_word' id='word_1_68' title='bbox 558 1217 692 1270; x_wconf 89' lang='lat' dir='ltr'>ersten</span> <span class='ocrx_word' id='word_1_69' title='bbox 715 1205 957 1293; x_wconf 87' lang='lat' dir='ltr'>Haupttheil</span> <span class='ocrx_word' id='word_1_70' title='bbox 986 1208 1043 1272; x_wconf 87' lang='lat' dir='ltr'>des</span> <span class='ocrx_word' id='word_1_71' title='bbox 1066 1206 1209 1271; x_wconf 76' lang='lat' dir='ltr'>Theman</span> <span class='ocrx_word' id='word_1_72' title='bbox 1233 1206 1294 1270; x_wconf 89' lang='lat' dir='ltr'>hin·</span> 
     </span>
     <span class='ocr_line' id='line_1_10' title="bbox 152 1306 1294 1395; baseline 0.002 -23"><span class='ocrx_word' id='word_1_73' title='bbox 152 1306 393 1372; x_wconf 83' lang='lat' dir='ltr'>iiberzuleiten:</span> <span class='ocrx_word' id='word_1_74' title='bbox 419 1308 498 1373; x_wconf 80' lang='lat' dir='ltr'>Cic.</span> <span class='ocrx_word' id='word_1_75' title='bbox 523 1331 556 1371; x_wconf 93' lang='lat' dir='ltr'>n.</span> <span class='ocrx_word' id='word_1_76' title='bbox 579 1309 609 1372; x_wconf 93' lang='lat' dir='ltr'>d.</span> <span class='ocrx_word' id='word_1_77' title='bbox 633 1309 665 1389; x_wconf 88' lang='grc'>2,</span> <span class='ocrx_word' id='word_1_78' title='bbox 688 1308 731 1371; x_wconf 86' lang='grc'>30</span> <span class='ocrx_word' id='word_1_79' title='bbox 754 1329 889 1394; x_wconf 86' lang='lat' dir='ltr'>eamque</span> <span class='ocrx_word' id='word_1_80' title='bbox 911 1310 1163 1395; x_wconf 79' lang='lat' dir='ltr'>disputationem</span> <span class='ocrx_word' id='word_1_81' title='bbox 1186 1311 1294 1374; x_wconf 77' lang='lat' dir='ltr'>irisist</span> 
     </span>
     <span class='ocr_line' id='line_1_11' title="bbox 150 1409 1294 1495; baseline -0.001 -20"><span class='ocrx_word' id='word_1_82' title='bbox 150 1416 260 1494; x_wconf 73' lang='lat' dir='ltr'>partes</span> <span class='ocrx_word' id='word_1_83' title='bbox 281 1409 384 1475; x_wconf 81' lang='lat' dir='ltr'>nostri</span> <span class='ocrx_word' id='word_1_84' title='bbox 408 1411 475 1473; x_wconf 87' lang='lat' dir='ltr'>fere</span> <span class='ocrx_word' id='word_1_85' title='bbox 500 1409 656 1474; x_wconf 85' lang='lat' dir='ltr'>dividunt</span> <span class='ocrx_word' id='word_1_86' title='bbox 676 1448 727 1472; x_wconf 88' lang='lat'>-.</span> <span class='ocrx_word' id='word_1_87' title='bbox 752 1410 895 1473; x_wconf 88' lang='lat' dir='ltr'>Primum</span> <span class='ocrx_word' id='word_1_88' title='bbox 913 1412 1014 1495; x_wconf 86' lang='lat' dir='ltr'>igitur</span> <span class='ocrx_word' id='word_1_89' title='bbox 1037 1422 1092 1475; x_wconf 85' lang='lat' dir='ltr'>aut</span> <span class='ocrx_word' id='word_1_90' title='bbox 1113 1409 1294 1495; x_wconf 77' lang='lat' dir='ltr'>negandum</span> 
     </span>
     <span class='ocr_line' id='line_1_12' title="bbox 153 1509 1294 1597; baseline -0.003 -21"><span class='ocrx_word' id='word_1_91' title='bbox 153 1523 203 1576; x_wconf 85' lang='lat' dir='ltr'>est</span> <span class='ocrx_word' id='word_1_92' title='bbox 225 1533 297 1580; x_wconf 80' lang='lat' dir='ltr'>esse</span> <span class='ocrx_word' id='word_1_93' title='bbox 321 1510 398 1575; x_wconf 88' lang='lat' dir='ltr'>deos</span> <span class='ocrx_word' id='word_1_94' title='bbox 423 1512 573 1596; x_wconf 83' lang='lat' dir='ltr'>(Anfang</span> <span class='ocrx_word' id='word_1_95' title='bbox 595 1510 653 1574; x_wconf 88' lang='lat' dir='ltr'>des</span> <span class='ocrx_word' id='word_1_96' title='bbox 677 1521 785 1574; x_wconf 86' lang='lat' dir='ltr'>ersten</span> <span class='ocrx_word' id='word_1_97' title='bbox 801 1510 860 1575; x_wconf 88' lang='lat' dir='ltr'>der</span> <span class='ocrx_word' id='word_1_98' title='bbox 882 1511 951 1575; x_wconf 89' lang='lat' dir='ltr'>drei</span> <span class='ocrx_word' id='word_1_99' title='bbox 968 1511 1108 1593; x_wconf 85' lang='lat' dir='ltr'>Theile).</span> <span class='ocrx_word' id='word_1_100' title='bbox 1131 1509 1196 1597; x_wconf 86' lang='lat' dir='ltr'>leg.</span> <span class='ocrx_word' id='word_1_101' title='bbox 1213 1510 1294 1577; x_wconf 83' lang='lat' dir='ltr'>Meu.</span> 
     </span>
     <span class='ocr_line' id='line_1_13' title="bbox 156 1611 1294 1699; baseline -0.002 -23"><span class='ocrx_word' id='word_1_102' title='bbox 156 1614 195 1677; x_wconf 89' lang='lat'>10</span> <span class='ocrx_word' id='word_1_103' title='bbox 218 1614 290 1699; x_wconf 91' lang='lat' dir='ltr'>quis</span> <span class='ocrx_word' id='word_1_104' title='bbox 314 1614 417 1696; x_wconf 85' lang='lat' dir='ltr'>igitur</span> <span class='ocrx_word' id='word_1_105' title='bbox 439 1611 499 1676; x_wconf 86' lang='lat' dir='ltr'>hoo</span> <span class='ocrx_word' id='word_1_106' title='bbox 521 1613 651 1676; x_wconf 87' lang='lat' dir='ltr'>homine</span> <span class='ocrx_word' id='word_1_107' title='bbox 667 1615 820 1677; x_wconf 83' lang='lat' dir='ltr'>scientior</span> <span class='ocrx_word' id='word_1_108' title='bbox 834 1635 977 1698; x_wconf 83' lang='lat' dir='ltr'>unquam</span> <span class='ocrx_word' id='word_1_109' title='bbox 993 1623 1051 1677; x_wconf 83' lang='lat' dir='ltr'>aut</span> <span class='ocrx_word' id='word_1_110' title='bbox 1073 1613 1137 1677; x_wconf 84' lang='lat' dir='ltr'>fuit</span> <span class='ocrx_word' id='word_1_111' title='bbox 1160 1623 1220 1677; x_wconf 83' lang='lat' dir='ltr'>aut</span> <span class='ocrx_word' id='word_1_112' title='bbox 1233 1633 1294 1678; x_wconf 82' lang='lat' dir='ltr'>esse</span> 
     </span>
     <span class='ocr_line' id='line_1_14' title="bbox 156 1712 1294 1799; baseline 0.002 -22"><span class='ocrx_word' id='word_1_113' title='bbox 156 1712 295 1779; x_wconf 76' lang='lat' dir='ltr'>debuit?</span> <span class='ocrx_word' id='word_1_114' title='bbox 319 1713 394 1798; x_wconf 85' lang='lat' dir='ltr'>Vgl.</span> <span class='ocrx_word' id='word_1_115' title='bbox 412 1713 513 1799; x_wconf 89' lang='lat' dir='ltr'>Seyff.</span> <span class='ocrx_word' id='word_1_116' title='bbox 531 1713 639 1778; x_wconf 84' lang='lat' dir='ltr'>Sehol.</span> <span class='ocrx_word' id='word_1_117' title='bbox 664 1715 717 1777; x_wconf 85' lang='lat' dir='ltr'>lat.</span> <span class='ocrx_word' id='word_1_118' title='bbox 743 1714 757 1777; x_wconf 93' lang='lat'><em>1</em></span> <span class='ocrx_word' id='word_1_119' title='bbox 781 1712 813 1777; x_wconf 73' lang='lat' dir='ltr'>S.</span> <span class='ocrx_word' id='word_1_120' title='bbox 840 1715 888 1778; x_wconf 88' lang='grc'>13.</span> <span class='ocrx_word' id='word_1_121' title='bbox 920 1714 1081 1778; x_wconf 84' lang='lat' dir='ltr'>Aehnlich</span> <span class='ocrx_word' id='word_1_122' title='bbox 1104 1715 1138 1776; x_wconf 89' lang='lat' dir='ltr'>in</span> <span class='ocrx_word' id='word_1_123' title='bbox 1162 1713 1222 1777; x_wconf 87' lang='lat' dir='ltr'>der</span> <span class='ocrx_word' id='word_1_124' title='bbox 1237 1712 1294 1779; x_wconf 83' lang='lat' dir='ltr'>Ex·</span> 
     </span>
     <span class='ocr_line' id='line_1_15' title="bbox 154 1815 672 1902; baseline -0.002 -22"><span class='ocrx_word' id='word_1_125' title='bbox 154 1817 311 1902; x_wconf 80' lang='lat' dir='ltr'>position,</span> <span class='ocrx_word' id='word_1_126' title='bbox 335 1838 361 1878; x_wconf 91' lang='lat' dir='ltr'>s.</span> <span class='ocrx_word' id='word_1_127' title='bbox 383 1825 484 1878; x_wconf 87' lang='lat' dir='ltr'>unten</span> <span class='ocrx_word' id='word_1_128' title='bbox 506 1815 565 1879; x_wconf 88' lang='lat' dir='ltr'>Nr.</span> <span class='ocrx_word' id='word_1_129' title='bbox 592 1818 639 1879; x_wconf 84' lang='lat'>10.</span> <span class='ocrx_word' id='word_1_130' title='bbox 664 1877 672 1890; x_wconf 81' lang='grc'><strong>,</strong></span> 
     </span>
    </p>

    <p class='ocr_par' dir='ltr' id='par_1_4' title="bbox 154 1915 1294 2794">
     <span class='ocr_line' id='line_1_16' title="bbox 238 1915 1294 1999; baseline -0.001 -19"><span class='ocrx_word' id='word_1_131' title='bbox 238 1918 268 1980; x_wconf 89' lang='grc'>8.</span> <span class='ocrx_word' id='word_1_132' title='bbox 299 1915 406 1999; x_wconf 71' lang='lat' dir='ltr'>Iyilur</span> <span class='ocrx_word' id='word_1_133' title='bbox 429 1915 517 1980; x_wconf 85' lang='lat' dir='ltr'>steht</span> <span class='ocrx_word' id='word_1_134' title='bbox 548 1916 946 1980; x_wconf 83' lang='lat' dir='ltr'>zusaurmenfassend</span> <span class='ocrx_word' id='word_1_135' title='bbox 979 1919 1044 1981; x_wconf 93' lang='lat' dir='ltr'>und</span> <span class='ocrx_word' id='word_1_136' title='bbox 1066 1917 1294 1982; x_wconf 77' lang='lat' dir='ltr'>absehlies·</span> 
     </span>
     <span class='ocr_line' id='line_1_17' title="bbox 154 2016 1292 2102; baseline -0.004 -19"><span class='ocrx_word' id='word_1_137' title='bbox 154 2019 252 2083; x_wconf 89' lang='lat' dir='ltr'>send</span> <span class='ocrx_word' id='word_1_138' title='bbox 277 2017 359 2081; x_wconf 83' lang='lat' dir='ltr'>nach</span> <span class='ocrx_word' id='word_1_139' title='bbox 389 2019 479 2080; x_wconf 83' lang='lat' dir='ltr'>einer</span> <span class='ocrx_word' id='word_1_140' title='bbox 501 2016 714 2102; x_wconf 75' lang='lat' dir='ltr'>Aufztihlung</span> <span class='ocrx_word' id='word_1_141' title='bbox 742 2040 806 2083; x_wconf 87' lang='lat' dir='ltr'>vou</span> <span class='ocrx_word' id='word_1_142' title='bbox 829 2016 1069 2083; x_wconf 84' lang='lat' dir='ltr'>Einzelheiten:</span> <span class='ocrx_word' id='word_1_143' title='bbox 1099 2018 1180 2084; x_wconf 81' lang='lat' dir='ltr'>Oic.</span> <span class='ocrx_word' id='word_1_144' title='bbox 1206 2016 1292 2084; x_wconf 77' lang='lat' dir='ltr'>Catil</span> 
     </span>
     <span class='ocr_line' id='line_1_18' title="bbox 155 2120 1294 2209; baseline 0.003 -26"><span class='ocrx_word' id='word_1_145' title='bbox 155 2120 187 2202; x_wconf 81' lang='lat'>4,</span> <span class='ocrx_word' id='word_1_146' title='bbox 215 2123 250 2183; x_wconf 89' lang='grc'>11</span> <span class='ocrx_word' id='word_1_147' title='bbox 276 2141 358 2206; x_wconf 84' lang='lat' dir='ltr'>quae</span> <span class='ocrx_word' id='word_1_148' title='bbox 381 2141 453 2182; x_wconf 76' lang='lat' dir='ltr'>essm</span> <span class='ocrx_word' id='word_1_149' title='bbox 478 2120 524 2183; x_wconf 87' lang='lat' dir='ltr'>ita</span> <span class='ocrx_word' id='word_1_150' title='bbox 546 2121 622 2198; x_wconf 83' lang='lat' dir='ltr'>sint,</span> <span class='ocrx_word' id='word_1_151' title='bbox 645 2142 703 2204; x_wconf 90' lang='lat' dir='ltr'>pro</span> <span class='ocrx_word' id='word_1_152' title='bbox 720 2120 866 2205; x_wconf 88' lang='lat' dir='ltr'>imperio,</span> <span class='ocrx_word' id='word_1_153' title='bbox 890 2144 947 2206; x_wconf 88' lang='lat' dir='ltr'>pro</span> <span class='ocrx_word' id='word_1_154' title='bbox 965 2121 1122 2202; x_wconf 83' lang='lat' dir='ltr'>exercitu,</span> <span class='ocrx_word' id='word_1_155' title='bbox 1146 2143 1294 2209; x_wconf 80' lang='lat' dir='ltr'>propre</span> 
     </span>
     <span class='ocr_line' id='line_1_19' title="bbox 157 2220 1294 2306; baseline 0 -20"><span class='ocrx_word' id='word_1_156' title='bbox 157 2224 265 2287; x_wconf 82' lang='lat' dir='ltr'>vincia</span> <span class='ocrx_word' id='word_1_157' title='bbox 288 2258 328 2268; x_wconf 91' lang='lat'>—</span> <span class='ocrx_word' id='word_1_158' title='bbox 351 2243 408 2306; x_wconf 90' lang='lat' dir='ltr'>pro</span> <span class='ocrx_word' id='word_1_159' title='bbox 431 2220 482 2284; x_wconf 88' lang='lat' dir='ltr'>his</span> <span class='ocrx_word' id='word_1_160' title='bbox 504 2221 605 2304; x_wconf 86' lang='lat' dir='ltr'>igitur·</span> <span class='ocrx_word' id='word_1_161' title='bbox 620 2222 769 2285; x_wconf 89' lang='lat' dir='ltr'>ornnibus</span> <span class='ocrx_word' id='word_1_162' title='bbox 785 2222 882 2285; x_wconf 88' lang='lat' dir='ltr'>rebus</span> <span class='ocrx_word' id='word_1_163' title='bbox 899 2231 954 2285; x_wconf 89' lang='grc'><strong>011.</strong></span> <span class='ocrx_word' id='word_1_164' title='bbox 978 2226 1018 2286; x_wconf 85' lang='grc'>(10</span> <span class='ocrx_word' id='word_1_165' title='bbox 1041 2244 1087 2287; x_wconf 84' lang='lat' dir='ltr'>or.</span> <span class='ocrx_word' id='word_1_166' title='bbox 1111 2221 1142 2300; x_wconf 88' lang='grc'>2,</span> <span class='ocrx_word' id='word_1_167' title='bbox 1164 2222 1209 2288; x_wconf 88' lang='grc'>25</span> <span class='ocrx_word' id='word_1_168' title='bbox 1229 2245 1294 2286; x_wconf 75' lang='lat' dir='ltr'>nar</span> 
     </span>
     <span class='ocr_line' id='line_1_20' title="bbox 155 2321 1294 2407; baseline 0.001 -21"><span class='ocrx_word' id='word_1_169' title='bbox 155 2332 187 2387; x_wconf 87' lang='lat' dir='ltr'>et</span> <span class='ocrx_word' id='word_1_170' title='bbox 216 2322 257 2386; x_wconf 87' lang='lat' dir='ltr'>de</span> <span class='ocrx_word' id='word_1_171' title='bbox 287 2322 433 2406; x_wconf 86' lang='lat' dir='ltr'>pecuniis</span> <span class='ocrx_word' id='word_1_172' title='bbox 461 2322 650 2406; x_wconf 81' lang='lat' dir='ltr'>repetundis</span> <span class='ocrx_word' id='word_1_173' title='bbox 680 2326 727 2403; x_wconf 82' lang='lat' dir='ltr'>(os</span> <span class='ocrx_word' id='word_1_174' title='bbox 756 2321 867 2407; x_wconf 83' lang='lat' dir='ltr'>folgen</span> <span class='ocrx_word' id='word_1_175' title='bbox 893 2322 976 2388; x_wconf 84' lang='lat' dir='ltr'>noch</span> <span class='ocrx_word' id='word_1_176' title='bbox 1006 2324 1078 2388; x_wconf 83' lang='lat' dir='ltr'>vior</span> <span class='ocrx_word' id='word_1_177' title='bbox 1104 2325 1212 2388; x_wconf 87' lang='lat' dir='ltr'>Arten</span> <span class='ocrx_word' id='word_1_178' title='bbox 1241 2346 1294 2388; x_wconf 78' lang='lat' dir='ltr'>v&lt;</span> 
     </span>
     <span class='ocr_line' id='line_1_21' title="bbox 157 2421 1242 2511; baseline 0 -22"><span class='ocrx_word' id='word_1_179' title='bbox 157 2422 444 2508; x_wconf 74' lang='lat' dir='ltr'>Criminalfsllon).</span> <span class='ocrx_word' id='word_1_180' title='bbox 490 2421 528 2486; x_wconf 89' lang='lat' dir='ltr'>Id</span> <span class='ocrx_word' id='word_1_181' title='bbox 561 2434 610 2488; x_wconf 84' lang='lat' dir='ltr'>est</span> <span class='ocrx_word' id='word_1_182' title='bbox 637 2424 737 2507; x_wconf 82' lang='lat' dir='ltr'>igitur</span> <span class='ocrx_word' id='word_1_183' title='bbox 768 2447 871 2507; x_wconf 86' lang='lat' dir='ltr'>genus</span> <span class='ocrx_word' id='word_1_184' title='bbox 900 2427 1039 2511; x_wconf 89' lang='lat' dir='ltr'>primum</span> <span class='ocrx_word' id='word_1_185' title='bbox 1069 2446 1242 2489; x_wconf 83' lang='lat' dir='ltr'>ceuserum</span> 
     </span>
     <span class='ocr_line' id='line_1_22' title="bbox 158 2526 1249 2612; baseline -0.001 -21"><span class='ocrx_word' id='word_1_186' title='bbox 158 2526 290 2591; x_wconf 85' lang='lat' dir='ltr'>iudiciis</span> <span class='ocrx_word' id='word_1_187' title='bbox 325 2546 367 2588; x_wconf 87' lang='lat' dir='ltr'>ex</span> <span class='ocrx_word' id='word_1_188' title='bbox 400 2526 622 2587; x_wconf 82' lang='lat' dir='ltr'>controversia</span> <span class='ocrx_word' id='word_1_189' title='bbox 654 2526 743 2589; x_wconf 82' lang='lat' dir='ltr'>fusti.</span> <span class='ocrx_word' id='word_1_190' title='bbox 789 2526 886 2590; x_wconf 83' lang='lat' dir='ltr'>Tusc.</span> <span class='ocrx_word' id='word_1_191' title='bbox 913 2529 938 2602; x_wconf 88' lang='lat'>1,</span> <span class='ocrx_word' id='word_1_192' title='bbox 968 2527 1009 2592; x_wconf 85' lang='grc'>28</span> <span class='ocrx_word' id='word_1_193' title='bbox 1037 2526 1129 2611; x_wconf 66' lang='grc' dir='ltr'><strong>1110οΙ</strong></span> <span class='ocrx_word' id='word_1_194' title='bbox 1147 2527 1249 2612; x_wconf 87' lang='lat' dir='ltr'>igitur</span> 
     </span>
     <span class='ocr_line' id='line_1_23' title="bbox 156 2612 1294 2713; baseline -0.002 -21"><span class='ocrx_word' id='word_1_195' title='bbox 156 2626 443 2692; x_wconf 85' lang='lat' dir='ltr'>innummerabilie</span> <span class='ocrx_word' id='word_1_196' title='bbox 483 2647 557 2689; x_wconf 88' lang='lat' dir='ltr'>cum</span> <span class='ocrx_word' id='word_1_197' title='bbox 596 2612 786 2690; x_wconf 78' lang='lat' dir='ltr'>cernimus.¹</span> <span class='ocrx_word' id='word_1_198' title='bbox 831 2629 905 2691; x_wconf 84' lang='lat' dir='ltr'>sam.</span> <span class='ocrx_word' id='word_1_199' title='bbox 944 2629 991 2711; x_wconf 89' lang='grc'>13,</span> <span class='ocrx_word' id='word_1_200' title='bbox 1027 2629 1054 2707; x_wconf 94' lang='grc'>1,</span> <span class='ocrx_word' id='word_1_201' title='bbox 1086 2628 1108 2691; x_wconf 92' lang='grc'>5</span> <span class='ocrx_word' id='word_1_202' title='bbox 1141 2630 1168 2692; x_wconf 94' lang='lat' dir='ltr'>is</span> <span class='ocrx_word' id='word_1_203' title='bbox 1203 2629 1294 2713; x_wconf 62' lang='lat' dir='ltr'>igis</span> 
     </span>
     <span class='ocr_line' id='line_1_24' title="bbox 156 2730 334 2794; baseline 0 -1"><span class='ocrx_word' id='word_1_204' title='bbox 156 2730 255 2793; x_wconf 84' lang='lat' dir='ltr'>Petro</span> <span class='ocrx_word' id='word_1_205' title='bbox 278 2738 334 2794; x_wconf 87' lang='lat' dir='ltr'>ctt.</span> 
     </span>
    </p>

    <p class='ocr_par' dir='ltr' id='par_1_5' title="bbox 155 2828 1294 3418">
     <span class='ocr_line' id='line_1_25' title="bbox 177 2828 1294 2914; baseline 0 -21"><span class='ocrx_word' id='word_1_206' title='bbox 177 2854 182 2867; x_wconf 92' lang='lat'><strong>·</strong></span> <span class='ocrx_word' id='word_1_207' title='bbox 239 2830 269 2893; x_wconf 91' lang='lat'>9.</span> <span class='ocrx_word' id='word_1_208' title='bbox 299 2828 873 2914; x_wconf 84' lang='lat' dir='ltr'>NaeheinerUnterbroehung‚</span> <span class='ocrx_word' id='word_1_209' title='bbox 896 2829 1094 2895; x_wconf 84' lang='lat' dir='ltr'>nementlich</span> <span class='ocrx_word' id='word_1_210' title='bbox 1115 2832 1294 2896; x_wconf 71' lang='lat' dir='ltr'>nacheix</span> 
     </span>
     <span class='ocr_line' id='line_1_26' title="bbox 155 2929 1265 3020; baseline -0.004 -24"><span class='ocrx_word' id='word_1_211' title='bbox 155 2929 410 2996; x_wconf 85' lang='lat' dir='ltr'>Perenthese</span> <span class='ocrx_word' id='word_1_212' title='bbox 438 2930 520 2994; x_wconf 90' lang='lat' dir='ltr'>wird</span> <span class='ocrx_word' id='word_1_213' title='bbox 549 2932 608 2994; x_wconf 88' lang='lat' dir='ltr'>mit</span> <span class='ocrx_word' id='word_1_214' title='bbox 633 2933 732 3013; x_wconf 77' lang='lat' dir='ltr'>ipilur</span> <span class='ocrx_word' id='word_1_215' title='bbox 759 2933 882 2995; x_wconf 84' lang='lat' dir='ltr'>wieder</span> <span class='ocrx_word' id='word_1_216' title='bbox 904 2931 1127 3020; x_wconf 84' lang='lat' dir='ltr'>angekniipft:</span> <span class='ocrx_word' id='word_1_217' title='bbox 1150 2931 1265 2997; x_wconf 82' lang='lat' dir='ltr'>Tuso.</span> 
     </span>
     <span class='ocr_line' id='line_1_27' title="bbox 158 3032 1247 3119; baseline 0.001 -24"><span class='ocrx_word' id='word_1_218' title='bbox 158 3035 193 3096; x_wconf 95' lang='grc'>11</span> <span class='ocrx_word' id='word_1_219' title='bbox 220 3041 271 3095; x_wconf 86' lang='lat' dir='ltr'>est</span> <span class='ocrx_word' id='word_1_220' title='bbox 291 3033 391 3116; x_wconf 87' lang='lat' dir='ltr'>igitur</span> <span class='ocrx_word' id='word_1_221' title='bbox 415 3053 514 3095; x_wconf 83' lang='lat' dir='ltr'>eausa</span> <span class='ocrx_word' id='word_1_222' title='bbox 536 3032 640 3094; x_wconf 90' lang='lat' dir='ltr'>omnis</span> <span class='ocrx_word' id='word_1_223' title='bbox 663 3033 697 3095; x_wconf 92' lang='lat' dir='ltr'>in</span> <span class='ocrx_word' id='word_1_224' title='bbox 719 3034 869 3118; x_wconf 88' lang='lat' dir='ltr'>opinione</span> <span class='ocrx_word' id='word_1_225' title='bbox 892 3033 1124 3119; x_wconf 84' lang='lat' dir='ltr'>(enkniipfend</span> <span class='ocrx_word' id='word_1_226' title='bbox 1146 3055 1188 3098; x_wconf 84' lang='lat' dir='ltr'>en</span> <span class='ocrx_word' id='word_1_227' title='bbox 1211 3037 1247 3115; x_wconf 68' lang='grc' dir='ltr'>ξ.</span> 
     </span>
     <span class='ocr_line' id='line_1_28' title="bbox 156 3133 1294 3221; baseline 0.001 -24"><span class='ocrx_word' id='word_1_228' title='bbox 156 3133 279 3198; x_wconf 91' lang='lat' dir='ltr'>doloris</span> <span class='ocrx_word' id='word_1_229' title='bbox 302 3134 397 3197; x_wconf 91' lang='lat' dir='ltr'>huius</span> <span class='ocrx_word' id='word_1_230' title='bbox 415 3134 514 3217; x_wconf 87' lang='lat' dir='ltr'>igitur</span> <span class='ocrx_word' id='word_1_231' title='bbox 529 3134 621 3217; x_wconf 85' lang='lat' dir='ltr'>origo</span> <span class='ocrx_word' id='word_1_232' title='bbox 638 3135 730 3198; x_wconf 93' lang='lat' dir='ltr'>nobis</span> <span class='ocrx_word' id='word_1_233' title='bbox 748 3134 943 3218; x_wconf 81' lang='lat' dir='ltr'>explicanda</span> <span class='ocrx_word' id='word_1_234' title='bbox 958 3135 1030 3220; x_wconf 85' lang='lat' dir='ltr'>est).</span> <span class='ocrx_word' id='word_1_235' title='bbox 1060 3134 1093 3216; x_wconf 86' lang='lat'>4,</span> <span class='ocrx_word' id='word_1_236' title='bbox 1118 3136 1158 3200; x_wconf 82' lang='lat'>15</span> <span class='ocrx_word' id='word_1_237' title='bbox 1173 3151 1294 3221; x_wconf 69' lang='lat' dir='ltr'>qum&lt;</span> 
     </span>
     <span class='ocr_line' id='line_1_29' title="bbox 155 3233 1294 3322; baseline -0.004 -23"><span class='ocrx_word' id='word_1_238' title='bbox 155 3245 192 3299; x_wconf 89' lang='lat' dir='ltr'>ut</span> <span class='ocrx_word' id='word_1_239' title='bbox 215 3235 290 3298; x_wconf 86' lang='lat' dir='ltr'>eliis</span> <span class='ocrx_word' id='word_1_240' title='bbox 313 3233 394 3298; x_wconf 81' lang='lat' dir='ltr'>loeis</span> <span class='ocrx_word' id='word_1_241' title='bbox 411 3235 452 3298; x_wconf 93' lang='lat' dir='ltr'>de</span> <span class='ocrx_word' id='word_1_242' title='bbox 481 3235 604 3300; x_wconf 84' lang='lat' dir='ltr'>virtute</span> <span class='ocrx_word' id='word_1_243' title='bbox 632 3246 665 3299; x_wconf 87' lang='lat' dir='ltr'>et</span> <span class='ocrx_word' id='word_1_244' title='bbox 691 3235 836 3300; x_wconf 84' lang='lat' dir='ltr'>diximus</span> <span class='ocrx_word' id='word_1_245' title='bbox 869 3248 902 3300; x_wconf 86' lang='lat' dir='ltr'>et</span> <span class='ocrx_word' id='word_1_246' title='bbox 924 3257 1022 3322; x_wconf 83' lang='lat' dir='ltr'>saepe</span> <span class='ocrx_word' id='word_1_247' title='bbox 1044 3236 1220 3300; x_wconf 87' lang='lat' dir='ltr'>dicendum</span> <span class='ocrx_word' id='word_1_248' title='bbox 1247 3248 1294 3294; x_wconf 77' lang='lat' dir='ltr'>et</span> 
     </span>
     <span class='ocr_line' id='line_1_30' title="bbox 155 3333 945 3418; baseline 0.003 -18"><span class='ocrx_word' id='word_1_249' title='bbox 155 3337 381 3417; x_wconf 79' lang='lat' dir='ltr'>(Perenthese)</span> <span class='ocrx_word' id='word_1_250' title='bbox 404 3333 535 3418; x_wconf 86' lang='lat' dir='ltr'>quando</span> <span class='ocrx_word' id='word_1_251' title='bbox 559 3336 661 3418; x_wconf 85' lang='lat' dir='ltr'>igitur</span> <span class='ocrx_word' id='word_1_252' title='bbox 682 3338 787 3400; x_wconf 86' lang='lat' dir='ltr'>virtus</span> <span class='ocrx_word' id='word_1_253' title='bbox 811 3348 861 3402; x_wconf 88' lang='lat' dir='ltr'>est</span> <span class='ocrx_word' id='word_1_254' title='bbox 882 3348 945 3403; x_wconf 84' lang='lat' dir='ltr'>ott..</span> 
     </span>
    </p>

    <p class='ocr_par' dir='ltr' id='par_1_6' title="bbox 83 3435 1294 4543">
     <span class='ocr_line' id='line_1_31' title="bbox 239 3435 1294 3525; baseline -0.001 -24"><span class='ocrx_word' id='word_1_255' title='bbox 239 3437 330 3502; x_wconf 86' lang='lat' dir='ltr'>Naeh</span> <span class='ocrx_word' id='word_1_256' title='bbox 359 3435 649 3501; x_wconf 85' lang='lat' dir='ltr'>anakoluthischer</span> <span class='ocrx_word' id='word_1_257' title='bbox 676 3437 910 3524; x_wconf 84' lang='lat' dir='ltr'>Setzbildung:</span> <span class='ocrx_word' id='word_1_258' title='bbox 947 3442 976 3522; x_wconf 90' lang='lat'>1,</span> <span class='ocrx_word' id='word_1_259' title='bbox 1007 3439 1058 3522; x_wconf 85' lang='lat'>13,</span> <span class='ocrx_word' id='word_1_260' title='bbox 1081 3439 1125 3503; x_wconf 88' lang='grc'>30</span> <span class='ocrx_word' id='word_1_261' title='bbox 1152 3438 1226 3525; x_wconf 90' lang='lat' dir='ltr'>quis</span> <span class='ocrx_word' id='word_1_262' title='bbox 1255 3450 1294 3500; x_wconf 68' lang='lat' dir='ltr'>ee</span> 
     </span>
     <span class='ocr_line' id='line_1_32' title="bbox 155 3537 1294 3625; baseline 0 -23"><span class='ocrx_word' id='word_1_263' title='bbox 155 3539 255 3624; x_wconf 86' lang='lat' dir='ltr'>igitur</span> <span class='ocrx_word' id='word_1_264' title='bbox 277 3540 333 3625; x_wconf 92' lang='lat' dir='ltr'>qui</span> <span class='ocrx_word' id='word_1_265' title='bbox 358 3548 415 3602; x_wconf 91' lang='grc'><strong>011.</strong></span> <span class='ocrx_word' id='word_1_266' title='bbox 447 3537 540 3602; x_wconf 83' lang='lat' dir='ltr'>Neolr</span> <span class='ocrx_word' id='word_1_267' title='bbox 564 3540 654 3602; x_wconf 87' lang='lat' dir='ltr'>einer</span> <span class='ocrx_word' id='word_1_268' title='bbox 676 3540 937 3624; x_wconf 88' lang='lat' dir='ltr'>Digression:</span> <span class='ocrx_word' id='word_1_269' title='bbox 963 3540 1015 3607; x_wconf 86' lang='lat' dir='ltr'>off.</span> <span class='ocrx_word' id='word_1_270' title='bbox 1037 3540 1068 3620; x_wconf 89' lang='grc'>3,</span> <span class='ocrx_word' id='word_1_271' title='bbox 1091 3542 1113 3605; x_wconf 91' lang='grc'>5</span> <span class='ocrx_word' id='word_1_272' title='bbox 1133 3539 1294 3606; x_wconf 71' lang='lat' dir='ltr'>aedredo«</span> 
     </span>
     <span class='ocr_line' id='line_1_33' title="bbox 153 3638 1294 3726; baseline 0.004 -24"><span class='ocrx_word' id='word_1_273' title='bbox 153 3641 195 3704; x_wconf 85' lang='lat' dir='ltr'>ad</span> <span class='ocrx_word' id='word_1_274' title='bbox 218 3638 401 3703; x_wconf 82' lang='lat' dir='ltr'>formulam.</span> <span class='ocrx_word' id='word_1_275' title='bbox 427 3639 608 3704; x_wconf 78' lang='lat' dir='ltr'>Detrahere</span> <span class='ocrx_word' id='word_1_276' title='bbox 619 3641 719 3725; x_wconf 86' lang='lat' dir='ltr'>igitur</span> <span class='ocrx_word' id='word_1_277' title='bbox 731 3651 787 3706; x_wconf 88' lang='grc'><strong>011.</strong></span> <span class='ocrx_word' id='word_1_278' title='bbox 813 3643 903 3706; x_wconf 87' lang='lat' dir='ltr'>Brut.</span> <span class='ocrx_word' id='word_1_279' title='bbox 930 3645 983 3726; x_wconf 82' lang='lat'>47,</span> <span class='ocrx_word' id='word_1_280' title='bbox 1008 3642 1068 3706; x_wconf 87' lang='lat'>176</span> <span class='ocrx_word' id='word_1_281' title='bbox 1091 3643 1151 3707; x_wconf 92' lang='lat' dir='ltr'>sed</span> <span class='ocrx_word' id='word_1_282' title='bbox 1175 3680 1214 3691; x_wconf 94' lang='lat'>-</span> <span class='ocrx_word' id='word_1_283' title='bbox 1235 3642 1294 3706; x_wconf 76' lang='lat' dir='ltr'>istu</span> 
     </span>
     <span class='ocr_line' id='line_1_34' title="bbox 154 3741 1294 3828; baseline 0.006 -25"><span class='ocrx_word' id='word_1_284' title='bbox 154 3741 196 3804; x_wconf 85' lang='lat' dir='ltr'>ud</span> <span class='ocrx_word' id='word_1_285' title='bbox 219 3753 363 3807; x_wconf 81' lang='lat' dir='ltr'>oratores</span> <span class='ocrx_word' id='word_1_286' title='bbox 388 3752 608 3824; x_wconf 82' lang='lat' dir='ltr'>revertemur3</span> <span class='ocrx_word' id='word_1_287' title='bbox 633 3744 720 3806; x_wconf 85' lang='lat' dir='ltr'>dnnn</span> <span class='ocrx_word' id='word_1_288' title='bbox 742 3747 772 3824; x_wconf 65' lang='grc' dir='ltr'>ξ.</span> <span class='ocrx_word' id='word_1_289' title='bbox 798 3745 857 3808; x_wconf 84' lang='lat'>177</span> <span class='ocrx_word' id='word_1_290' title='bbox 882 3744 1063 3809; x_wconf 79' lang='lat' dir='ltr'>festivitate</span> <span class='ocrx_word' id='word_1_291' title='bbox 1079 3743 1183 3828; x_wconf 85' lang='lat' dir='ltr'>igitur</span> <span class='ocrx_word' id='word_1_292' title='bbox 1204 3755 1237 3808; x_wconf 83' lang='lat' dir='ltr'>et</span> <span class='ocrx_word' id='word_1_293' title='bbox 1252 3744 1294 3810; x_wconf 80' lang='lat' dir='ltr'>fs·</span> 
     </span>
     <span class='ocr_line' id='line_1_35' title="bbox 83 3841 1293 3932; baseline 0.004 -25"><span class='ocrx_word' id='word_1_294' title='bbox 83 3894 91 3907; x_wconf 82' lang='grc'><strong>.</strong></span> <span class='ocrx_word' id='word_1_295' title='bbox 157 3844 264 3923; x_wconf 73' lang='grc'><strong>001110,</strong></span> <span class='ocrx_word' id='word_1_296' title='bbox 288 3843 431 3927; x_wconf 84' lang='lat' dir='ltr'>inquam,</span> <span class='ocrx_word' id='word_1_297' title='bbox 454 3841 491 3905; x_wconf 82' lang='lat' dir='ltr'>C.</span> <span class='ocrx_word' id='word_1_298' title='bbox 515 3841 624 3905; x_wconf 84' lang='lat' dir='ltr'>Julius</span> <span class='ocrx_word' id='word_1_299' title='bbox 651 3882 682 3890; x_wconf 85' lang='lat'><em>—</em></span> <span class='ocrx_word' id='word_1_300' title='bbox 704 3846 875 3928; x_wconf 83' lang='lat' dir='ltr'>praestitit.</span> <span class='ocrx_word' id='word_1_301' title='bbox 907 3847 959 3909; x_wconf 88' lang='lat' dir='ltr'>off.</span> <span class='ocrx_word' id='word_1_302' title='bbox 984 3848 1011 3924; x_wconf 88' lang='lat'>1,</span> <span class='ocrx_word' id='word_1_303' title='bbox 1034 3846 1066 3927; x_wconf 91' lang='grc'>2,</span> <span class='ocrx_word' id='word_1_304' title='bbox 1089 3846 1111 3909; x_wconf 89' lang='grc'><strong>6</strong></span> <span class='ocrx_word' id='word_1_305' title='bbox 1133 3866 1293 3932; x_wconf 85' lang='lat' dir='ltr'>sequemur</span> 
     </span>
     <span class='ocr_line' id='line_1_36' title="bbox 154 3942 1294 4033; baseline 0.004 -25"><span class='ocrx_word' id='word_1_306' title='bbox 154 3946 254 4029; x_wconf 83' lang='lat' dir='ltr'>igitur</span> <span class='ocrx_word' id='word_1_307' title='bbox 276 3981 316 3991; x_wconf 92' lang='lat'>—</span> <span class='ocrx_word' id='word_1_308' title='bbox 341 3943 478 4008; x_wconf 88' lang='lat' dir='ltr'>Stoicos.</span> <span class='ocrx_word' id='word_1_309' title='bbox 524 3942 614 4027; x_wconf 85' lang='lat' dir='ltr'>(Und</span> <span class='ocrx_word' id='word_1_310' title='bbox 638 3944 747 4030; x_wconf 86' lang='lat' dir='ltr'>gleioh</span> <span class='ocrx_word' id='word_1_311' title='bbox 770 3948 889 4011; x_wconf 78' lang='lat' dir='ltr'>darauf</span> <span class='ocrx_word' id='word_1_312' title='bbox 913 3950 944 4027; x_wconf 67' lang='lat'>§-</span> <span class='ocrx_word' id='word_1_313' title='bbox 968 3948 985 4010; x_wconf 93' lang='lat'>7</span> <span class='ocrx_word' id='word_1_314' title='bbox 1009 3946 1119 4033; x_wconf 77' lang='lat' dir='ltr'>placet</span> <span class='ocrx_word' id='word_1_315' title='bbox 1140 3947 1243 4032; x_wconf 85' lang='lat' dir='ltr'>igitur</span> <span class='ocrx_word' id='word_1_316' title='bbox 1260 3986 1294 4000; x_wconf 92' lang='lat'>-</span> 
     </span>
     <span class='ocr_line' id='line_1_37' title="bbox 155 4034 1294 4130; baseline 0.008 -19"><span class='ocrx_word' id='word_1_317' title='bbox 155 4034 306 4126; x_wconf 86' lang='lat' dir='ltr'>definire,</span> <span class='ocrx_word' id='word_1_318' title='bbox 335 4042 414 4130; x_wconf 89' lang='lat' dir='ltr'>quid</span> <span class='ocrx_word' id='word_1_319' title='bbox 441 4045 486 4109; x_wconf 87' lang='lat' dir='ltr'>sit</span> <span class='ocrx_word' id='word_1_320' title='bbox 515 4045 686 4128; x_wconf 83' lang='lat' dir='ltr'>officium).</span> <span class='ocrx_word' id='word_1_321' title='bbox 731 4047 793 4112; x_wconf 79' lang='lat' dir='ltr'>Mil</span> <span class='ocrx_word' id='word_1_322' title='bbox 821 4047 1034 4111; x_wconf 59' lang='lat' dir='ltr'>verenderter</span> <span class='ocrx_word' id='word_1_323' title='bbox 1056 4046 1294 4119; x_wconf 80' lang='lat' dir='ltr'>Construction:</span> 
     </span>
     <span class='ocr_line' id='line_1_38' title="bbox 156 4145 1294 4235; baseline 0.007 -25"><span class='ocrx_word' id='word_1_324' title='bbox 156 4170 186 4233; x_wconf 92' lang='lat' dir='ltr'>p.</span> <span class='ocrx_word' id='word_1_325' title='bbox 211 4145 316 4211; x_wconf 83' lang='lat' dir='ltr'>Balbo</span> <span class='ocrx_word' id='word_1_326' title='bbox 338 4147 359 4210; x_wconf 91' lang='grc'>5</span> <span class='ocrx_word' id='word_1_327' title='bbox 380 4167 452 4209; x_wconf 84' lang='lat' dir='ltr'>eum</span> <span class='ocrx_word' id='word_1_328' title='bbox 477 4146 515 4226; x_wconf 78' lang='lat' dir='ltr'>Q.</span> <span class='ocrx_word' id='word_1_329' title='bbox 538 4147 690 4211; x_wconf 85' lang='lat' dir='ltr'>Metellus</span> <span class='ocrx_word' id='word_1_330' title='bbox 719 4170 851 4212; x_wconf 82' lang='lat' dir='ltr'>oausam</span> <span class='ocrx_word' id='word_1_331' title='bbox 874 4149 915 4212; x_wconf 91' lang='lat' dir='ltr'>de</span> <span class='ocrx_word' id='word_1_332' title='bbox 943 4149 1091 4233; x_wconf 81' lang='lat' dir='ltr'>pecuniis</span> <span class='ocrx_word' id='word_1_333' title='bbox 1114 4151 1294 4235; x_wconf 81' lang='lat' dir='ltr'>repetundis</span> 
     </span>
     <span class='ocr_line' id='line_1_39' title="bbox 155 4246 1294 4339; baseline 0.007 -26"><span class='ocrx_word' id='word_1_334' title='bbox 155 4251 278 4313; x_wconf 83' lang='lat' dir='ltr'>diceret</span> <span class='ocrx_word' id='word_1_335' title='bbox 305 4283 348 4294; x_wconf 92' lang='lat'>-</span> <span class='ocrx_word' id='word_1_336' title='bbox 377 4268 410 4309; x_wconf 83' lang='lat' dir='ltr'>es</span> <span class='ocrx_word' id='word_1_337' title='bbox 445 4246 555 4331; x_wconf 86' lang='lat' dir='ltr'>folgen</span> <span class='ocrx_word' id='word_1_338' title='bbox 589 4251 669 4312; x_wconf 86' lang='lat' dir='ltr'>zwei</span> <span class='ocrx_word' id='word_1_339' title='bbox 704 4249 935 4331; x_wconf 77' lang='lat' dir='ltr'>Relativsiitze‚</span> <span class='ocrx_word' id='word_1_340' title='bbox 968 4250 1074 4313; x_wconf 79' lang='lat' dir='ltr'>donn:</span> <span class='ocrx_word' id='word_1_341' title='bbox 1108 4250 1173 4317; x_wconf 83' lang='lat' dir='ltr'>hoc</span> <span class='ocrx_word' id='word_1_342' title='bbox 1205 4253 1294 4339; x_wconf 79' lang='lat' dir='ltr'>igitur</span> 
     </span>
     <span class='ocr_line' id='line_1_40' title="bbox 155 4348 1294 4423; baseline 0.01 -11"><span class='ocrx_word' id='word_1_343' title='bbox 155 4371 286 4413; x_wconf 81' lang='lat' dir='ltr'>earrsuru</span> <span class='ocrx_word' id='word_1_344' title='bbox 319 4348 457 4411; x_wconf 78' lang='lat' dir='ltr'>dicente.</span> <span class='ocrx_word' id='word_1_345' title='bbox 494 4388 531 4395; x_wconf 91' lang='lat'><em>-</em></span> <span class='ocrx_word' id='word_1_346' title='bbox 568 4348 627 4413; x_wconf 89' lang='lat' dir='ltr'>Als</span> <span class='ocrx_word' id='word_1_347' title='bbox 661 4349 783 4414; x_wconf 82' lang='lat' dir='ltr'>Stellen</span> <span class='ocrx_word' id='word_1_348' title='bbox 817 4353 876 4415; x_wconf 88' lang='lat' dir='ltr'>mit</span> <span class='ocrx_word' id='word_1_349' title='bbox 911 4351 1185 4417; x_wconf 83' lang='lat' dir='ltr'>Parenthesen</span> <span class='ocrx_word' id='word_1_350' title='bbox 1218 4355 1294 4423; x_wconf 79' lang='lat' dir='ltr'>uitis·</span> 
     </span>
     <span class='ocr_line' id='line_1_41' title="bbox 154 4448 1294 4543; baseline 0.009 -31"><span class='ocrx_word' id='word_1_351' title='bbox 154 4449 253 4514; x_wconf 85' lang='lat' dir='ltr'>Hand</span> <span class='ocrx_word' id='word_1_352' title='bbox 282 4448 381 4513; x_wconf 88' lang='lat' dir='ltr'>nooh:</span> <span class='ocrx_word' id='word_1_353' title='bbox 411 4472 442 4535; x_wconf 93' lang='lat' dir='ltr'>p.</span> <span class='ocrx_word' id='word_1_354' title='bbox 467 4450 536 4512; x_wconf 89' lang='lat' dir='ltr'>Mil.</span> <span class='ocrx_word' id='word_1_355' title='bbox 563 4451 605 4514; x_wconf 88' lang='grc'>29</span> <span class='ocrx_word' id='word_1_356' title='bbox 632 4451 746 4536; x_wconf 81' lang='lat' dir='ltr'>fingite</span> <span class='ocrx_word' id='word_1_357' title='bbox 777 4454 896 4515; x_wconf 80' lang='lat' dir='ltr'>animis</span> <span class='ocrx_word' id='word_1_358' title='bbox 931 4452 1163 4539; x_wconf 82' lang='lat' dir='ltr'>(Perentlrese)</span> <span class='ocrx_word' id='word_1_359' title='bbox 1192 4452 1294 4543; x_wconf 79' lang='lat' dir='ltr'>fingte</span> 
     </span>
    </p>
   </div>
   <div class='ocr_carea' id='block_1_3' title="bbox 0 0 1466 4994">
    <p class='ocr_par' dir='ltr' id='par_1_7' title="bbox 0 0 1466 4994">
     <span class='ocr_line' id='line_1_42' title="bbox 0 0 1466 4994; baseline 0 0"><span class='ocrx_word' id='word_1_360' title='bbox 0 0 1466 4994; x_wconf 95' lang='lat' dir='ltr'> </span> 
     </span>
    </p>
   </div>
  </div>
 </body>
</html>
