<?xml version="1.0" encoding="UTF-8"?>
<!DOCTYPE html PUBLIC "-//W3C//DTD XHTML 1.0 Transitional//EN"
    "http://www.w3.org/TR/xhtml1/DTD/xhtml1-transitional.dtd">
<html xmlns="http://www.w3.org/1999/xhtml" xml:lang="en" lang="en">
 <head>
  <title>
</title>
<meta http-equiv="Content-Type" content="text/html;charset=utf-8" />
  <meta name='ocr-system' content='tesseract 3.04.00' />
  <meta name='ocr-capabilities' content='ocr_page ocr_carea ocr_par ocr_line ocrx_word'/>
</head>
<body>
  <div class='ocr_page' id='page_1' title='image "./historischesynt01draegoog/historischesynt01draegoog_0576.png"; bbox 0 0 2948 4988; ppageno 0'>
   <div class='ocr_carea' id='block_1_1' title="bbox 462 308 689 371">
    <p class='ocr_par' dir='ltr' id='par_1_1' title="bbox 462 308 689 371">
     <span class='ocr_line' id='line_1_1' title="bbox 462 308 689 371; baseline 0.009 -17"><span class='ocrx_word' id='word_1_1' title='bbox 462 308 689 371; x_wconf 59' lang='lat'>..551-</span> 
     </span>
    </p>
   </div>
   <div class='ocr_carea' id='block_1_2' title="bbox 142 473 1152 4525">
    <p class='ocr_par' dir='ltr' id='par_1_2' title="bbox 142 473 1152 1862">
     <span class='ocr_line' id='line_1_2' title="bbox 142 473 1147 562; baseline 0 -22"><span class='ocrx_word' id='word_1_2' title='bbox 142 476 208 540; x_wconf 86' lang='lat' dir='ltr'><strong>Ein</strong></span> <span class='ocrx_word' id='word_1_3' title='bbox 237 473 481 562; x_wconf 82' lang='lat' dir='ltr'><strong>l&#39;emporalsatz</strong></span> <span class='ocrx_word' id='word_1_4' title='bbox 510 475 555 538; x_wconf 90' lang='lat' dir='ltr'><strong>im</strong></span> <span class='ocrx_word' id='word_1_5' title='bbox 586 475 831 561; x_wconf 83' lang='lat' dir='ltr'><strong>Conjunetiv</strong></span> <span class='ocrx_word' id='word_1_6' title='bbox 861 476 1147 560; x_wconf 86' lang='lat' dir='ltr'><strong>(untergeordnete</strong></span> 
     </span>
     <span class='ocr_line' id='line_1_3' title="bbox 142 575 1147 673; baseline 0 -32"><span class='ocrx_word' id='word_1_7' title='bbox 142 578 319 663; x_wconf 85' lang='lat' dir='ltr'><strong>timmung)</strong></span> <span class='ocrx_word' id='word_1_8' title='bbox 334 577 413 663; x_wconf 91' lang='lat' dir='ltr'><strong>geht</strong></span> <span class='ocrx_word' id='word_1_9' title='bbox 428 575 587 642; x_wconf 83' lang='lat' dir='ltr'><strong>zuweilen</strong></span> <span class='ocrx_word' id='word_1_10' title='bbox 603 577 732 660; x_wconf 86' lang='lat' dir='ltr'><strong>vorauf,</strong></span> <span class='ocrx_word' id='word_1_11' title='bbox 748 575 836 642; x_wconf 86' lang='lat' dir='ltr'><strong>daun</strong></span> <span class='ocrx_word' id='word_1_12' title='bbox 850 575 932 660; x_wconf 85' lang='lat' dir='ltr'><strong>folgt</strong></span> <span class='ocrx_word' id='word_1_13' title='bbox 947 575 1006 673; x_wconf 69' lang='lat' dir='ltr'><strong>der</strong></span> <span class='ocrx_word' id='word_1_14' title='bbox 1021 575 1147 662; x_wconf 89' lang='lat' dir='ltr'><strong>Haupt·</strong></span> 
     </span>
     <span class='ocr_line' id='line_1_4' title="bbox 142 676 1148 769; baseline 0.001 -28"><span class='ocrx_word' id='word_1_15' title='bbox 142 684 163 743; x_wconf 76' lang='grc' dir='ltr'>ζι</span> <span class='ocrx_word' id='word_1_16' title='bbox 186 683 290 745; x_wconf 89' lang='lat' dir='ltr'><strong>einem</strong></span> <span class='ocrx_word' id='word_1_17' title='bbox 314 677 559 766; x_wconf 82' lang='lat' dir='ltr'><strong>Temporalsatz</strong></span> <span class='ocrx_word' id='word_1_18' title='bbox 582 679 628 744; x_wconf 92' lang='lat' dir='ltr'><strong>im</strong></span> <span class='ocrx_word' id='word_1_19' title='bbox 649 678 865 769; x_wconf 80' lang='lat' dir='ltr'><strong>Indieativ.</strong></span> <span class='ocrx_word' id='word_1_20' title='bbox 896 676 939 744; x_wconf 88' lang='lat' dir='ltr'><strong>So</strong></span> <span class='ocrx_word' id='word_1_21' title='bbox 961 702 990 743; x_wconf 87' lang='lat' dir='ltr'><strong>z.</strong></span> <span class='ocrx_word' id='word_1_22' title='bbox 1006 677 1045 742; x_wconf 91' lang='lat' dir='ltr'><strong>B.</strong></span> <span class='ocrx_word' id='word_1_23' title='bbox 1069 676 1148 744; x_wconf 80' lang='lat' dir='ltr'><strong>cie.</strong></span> 
     </span>
     <span class='ocr_line' id='line_1_5' title="bbox 142 779 1150 868; baseline 0.001 -25"><span class='ocrx_word' id='word_1_24' title='bbox 142 803 185 845; x_wconf 79' lang='lat' dir='ltr'><strong>tn.</strong></span> <span class='ocrx_word' id='word_1_25' title='bbox 209 782 251 844; x_wconf 81' lang='lat'><strong>20</strong></span> <span class='ocrx_word' id='word_1_26' title='bbox 278 782 335 867; x_wconf 94' lang='lat' dir='ltr'><strong>qui</strong></span> <span class='ocrx_word' id='word_1_27' title='bbox 362 803 436 846; x_wconf 88' lang='lat' dir='ltr'><strong>eum</strong></span> <span class='ocrx_word' id='word_1_28' title='bbox 464 803 507 845; x_wconf 89' lang='lat' dir='ltr'><strong>ex</strong></span> <span class='ocrx_word' id='word_1_29' title='bbox 532 779 628 846; x_wconf 87' lang='lat' dir='ltr'><strong>vobis</strong></span> <span class='ocrx_word' id='word_1_30' title='bbox 655 789 888 868; x_wconf 87' lang='lat' dir='ltr'><strong>quaereret-</strong></span> <span class='ocrx_word' id='word_1_31' title='bbox 910 780 943 845; x_wconf 91' lang='lat' dir='ltr'><strong>in</strong></span> <span class='ocrx_word' id='word_1_32' title='bbox 971 802 1035 866; x_wconf 90' lang='lat' dir='ltr'><strong>quo</strong></span> <span class='ocrx_word' id='word_1_33' title='bbox 1061 801 1150 865; x_wconf 85' lang='lat' dir='ltr'><strong>spem</strong></span> 
     </span>
     <span class='ocr_line' id='line_1_6' title="bbox 148 881 1152 968; baseline -0.003 -21"><span class='ocrx_word' id='word_1_34' title='bbox 148 883 313 966; x_wconf 86' lang='lat' dir='ltr'><strong>habituri,</strong></span> <span class='ocrx_word' id='word_1_35' title='bbox 336 888 423 968; x_wconf 85' lang='lat' dir='ltr'>cepit</span> <span class='ocrx_word' id='word_1_36' title='bbox 443 904 598 968; x_wconf 84' lang='lat' dir='ltr'><strong>magnum</strong></span> <span class='ocrx_word' id='word_1_37' title='bbox 622 904 701 947; x_wconf 91' lang='lat' dir='ltr'><strong>suae</strong></span> <span class='ocrx_word' id='word_1_38' title='bbox 723 883 856 948; x_wconf 86' lang='lat' dir='ltr'><strong>virtutis</strong></span> <span class='ocrx_word' id='word_1_39' title='bbox 878 882 1023 949; x_wconf 83' lang='lat' dir='ltr'><strong>fructum</strong></span> <span class='ocrx_word' id='word_1_40' title='bbox 1042 903 1081 945; x_wconf 88' lang='lat' dir='ltr'><strong>ac</strong></span> <span class='ocrx_word' id='word_1_41' title='bbox 1104 881 1152 944; x_wconf 90' lang='lat' dir='ltr'><strong>di·</strong></span> 
     </span>
     <span class='ocr_line' id='line_1_7' title="bbox 151 983 1148 1070; baseline -0.001 -21"><span class='ocrx_word' id='word_1_42' title='bbox 151 1033 161 1066; x_wconf 93' lang='lat'><strong>,</strong></span> <span class='ocrx_word' id='word_1_43' title='bbox 191 1007 265 1049; x_wconf 90' lang='lat' dir='ltr'><strong>eum</strong></span> <span class='ocrx_word' id='word_1_44' title='bbox 291 1022 327 1032; x_wconf 96' lang='lat'>-</span> <span class='ocrx_word' id='word_1_45' title='bbox 351 983 493 1050; x_wconf 81' lang='lat' dir='ltr'><strong>dixistis.</strong></span> <span class='ocrx_word' id='word_1_46' title='bbox 538 983 614 1070; x_wconf 90' lang='lat' dir='ltr'><strong>Vgl.</strong></span> <span class='ocrx_word' id='word_1_47' title='bbox 637 989 667 1067; x_wconf 63' lang='grc' dir='ltr'><strong>ξ.</strong></span> <span class='ocrx_word' id='word_1_48' title='bbox 689 984 752 1050; x_wconf 81' lang='grc'><strong>497</strong></span> <span class='ocrx_word' id='word_1_49' title='bbox 776 987 818 1067; x_wconf 86' lang='grc' dir='ltr'><strong>Α,</strong></span> <span class='ocrx_word' id='word_1_50' title='bbox 845 986 876 1049; x_wconf 86' lang='grc'><strong>3.</strong></span> <span class='ocrx_word' id='word_1_51' title='bbox 920 985 1015 1049; x_wconf 85' lang='lat' dir='ltr'><strong>Eben</strong></span> <span class='ocrx_word' id='word_1_52' title='bbox 1037 1005 1073 1049; x_wconf 89' lang='lat' dir='ltr'><strong>so</strong></span> <span class='ocrx_word' id='word_1_53' title='bbox 1095 1005 1148 1069; x_wconf 89' lang='lat' dir='ltr'><strong>ge·</strong></span> 
     </span>
     <span class='ocr_line' id='line_1_8' title="bbox 142 1083 1146 1174; baseline -0.001 -23"><span class='ocrx_word' id='word_1_54' title='bbox 142 1097 153 1151; x_wconf 93' lang='lat' dir='ltr'><strong>t</strong></span> <span class='ocrx_word' id='word_1_55' title='bbox 175 1086 228 1150; x_wconf 89' lang='lat' dir='ltr'><strong>die</strong></span> <span class='ocrx_word' id='word_1_56' title='bbox 250 1088 386 1152; x_wconf 90' lang='lat' dir='ltr'><strong>Periode</strong></span> <span class='ocrx_word' id='word_1_57' title='bbox 410 1111 441 1174; x_wconf 88' lang='lat' dir='ltr'><strong>p.</strong></span> <span class='ocrx_word' id='word_1_58' title='bbox 466 1083 576 1151; x_wconf 88' lang='lat' dir='ltr'><strong>Plane.</strong></span> <span class='ocrx_word' id='word_1_59' title='bbox 598 1087 655 1170; x_wconf 84' lang='lat'><strong>36,</strong></span> <span class='ocrx_word' id='word_1_60' title='bbox 679 1085 720 1151; x_wconf 88' lang='lat'><strong>89</strong></span> <span class='ocrx_word' id='word_1_61' title='bbox 748 1086 815 1150; x_wconf 90' lang='lat' dir='ltr'><strong>und</strong></span> <span class='ocrx_word' id='word_1_62' title='bbox 844 1085 888 1151; x_wconf 81' lang='lat' dir='ltr'><strong>ed</strong></span> <span class='ocrx_word' id='word_1_63' title='bbox 909 1085 986 1149; x_wconf 84' lang='lat' dir='ltr'><strong>fam.</strong></span> <span class='ocrx_word' id='word_1_64' title='bbox 1009 1087 1040 1167; x_wconf 85' lang='lat'><strong>2,</strong></span> <span class='ocrx_word' id='word_1_65' title='bbox 1063 1085 1093 1165; x_wconf 88' lang='grc'><strong>8,</strong></span> <span class='ocrx_word' id='word_1_66' title='bbox 1117 1086 1146 1150; x_wconf 87' lang='grc'><strong>3.</strong></span> 
     </span>
     <span class='ocr_line' id='line_1_9' title="bbox 143 1187 1147 1272; baseline -0.001 -22"><span class='ocrx_word' id='word_1_67' title='bbox 143 1187 217 1251; x_wconf 86' lang='lat' dir='ltr'><strong>ehrt</strong></span> <span class='ocrx_word' id='word_1_68' title='bbox 237 1187 316 1272; x_wconf 85' lang='lat' dir='ltr'><strong>geht</strong></span> <span class='ocrx_word' id='word_1_69' title='bbox 339 1189 391 1252; x_wconf 89' lang='lat' dir='ltr'><strong>ein</strong></span> <span class='ocrx_word' id='word_1_70' title='bbox 414 1187 602 1254; x_wconf 82' lang='lat' dir='ltr'><strong>Nebensatn</strong></span> <span class='ocrx_word' id='word_1_71' title='bbox 629 1190 674 1252; x_wconf 88' lang='lat' dir='ltr'><strong>im</strong></span> <span class='ocrx_word' id='word_1_72' title='bbox 698 1187 862 1253; x_wconf 88' lang='lat' dir='ltr'><strong>Indieativ</strong></span> <span class='ocrx_word' id='word_1_73' title='bbox 886 1187 1003 1253; x_wconf 79' lang='lat' dir='ltr'><strong>vorauf</strong></span> <span class='ocrx_word' id='word_1_74' title='bbox 1022 1187 1090 1253; x_wconf 88' lang='lat' dir='ltr'><strong>und</strong></span> <span class='ocrx_word' id='word_1_75' title='bbox 1113 1208 1147 1251; x_wconf 91' lang='lat' dir='ltr'><strong>es</strong></span> 
     </span>
     <span class='ocr_line' id='line_1_10' title="bbox 142 1288 1147 1376; baseline 0 -24"><span class='ocrx_word' id='word_1_76' title='bbox 142 1311 164 1352; x_wconf 92' lang='lat' dir='ltr'><strong>n</strong></span> <span class='ocrx_word' id='word_1_77' title='bbox 188 1290 320 1354; x_wconf 84' lang='lat' dir='ltr'><strong>aweiter</strong></span> <span class='ocrx_word' id='word_1_78' title='bbox 342 1289 386 1354; x_wconf 91' lang='lat' dir='ltr'><strong>im</strong></span> <span class='ocrx_word' id='word_1_79' title='bbox 403 1288 621 1376; x_wconf 85' lang='lat' dir='ltr'><strong>Conjunetiv:</strong></span> <span class='ocrx_word' id='word_1_80' title='bbox 645 1289 687 1353; x_wconf 91' lang='lat' dir='ltr'><strong>de</strong></span> <span class='ocrx_word' id='word_1_81' title='bbox 710 1312 755 1356; x_wconf 88' lang='lat' dir='ltr'><strong>or.</strong></span> <span class='ocrx_word' id='word_1_82' title='bbox 777 1290 806 1369; x_wconf 80' lang='lat'><strong>2,</strong></span> <span class='ocrx_word' id='word_1_83' title='bbox 829 1291 870 1355; x_wconf 76' lang='lat'><strong>67</strong></span> <span class='ocrx_word' id='word_1_84' title='bbox 893 1299 929 1354; x_wconf 94' lang='lat' dir='ltr'><strong>ut</strong></span> <span class='ocrx_word' id='word_1_85' title='bbox 952 1289 1028 1375; x_wconf 85' lang='lat' dir='ltr'><strong>(wie</strong></span> <span class='ocrx_word' id='word_1_86' title='bbox 1050 1313 1079 1355; x_wconf 87' lang='lat' dir='ltr'><strong>a.</strong></span> <span class='ocrx_word' id='word_1_87' title='bbox 1096 1288 1147 1370; x_wconf 89' lang='lat' dir='ltr'><strong>B.)</strong></span> 
     </span>
     <span class='ocr_line' id='line_1_11' title="bbox 142 1390 1148 1477; baseline -0.001 -23"><span class='ocrx_word' id='word_1_88' title='bbox 142 1390 280 1456; x_wconf 81' lang='lat' dir='ltr'><strong>irieanus</strong></span> <span class='ocrx_word' id='word_1_89' title='bbox 304 1412 420 1455; x_wconf 88' lang='lat' dir='ltr'><strong>censor</strong></span> <span class='ocrx_word' id='word_1_90' title='bbox 441 1392 531 1457; x_wconf 93' lang='lat' dir='ltr'><strong>tribu</strong></span> <span class='ocrx_word' id='word_1_91' title='bbox 553 1393 706 1457; x_wconf 89' lang='lat' dir='ltr'><strong>movebat</strong></span> <span class='ocrx_word' id='word_1_92' title='bbox 728 1412 801 1456; x_wconf 91' lang='lat' dir='ltr'><strong>cum</strong></span> <span class='ocrx_word' id='word_1_93' title='bbox 830 1392 1069 1472; x_wconf 74' lang='lat' dir='ltr'><strong>centurionem,</strong></span> <span class='ocrx_word' id='word_1_94' title='bbox 1092 1390 1148 1477; x_wconf 91' lang='lat' dir='ltr'><strong>qui</strong></span> 
     </span>
     <span class='ocr_line' id='line_1_12' title="bbox 143 1492 1149 1580; baseline -0.003 -22"><span class='ocrx_word' id='word_1_95' title='bbox 143 1494 153 1558; x_wconf 94' lang='lat' dir='ltr'><strong>i</strong></span> <span class='ocrx_word' id='word_1_96' title='bbox 181 1513 292 1580; x_wconf 89' lang='lat' dir='ltr'><strong>pugna</strong></span> <span class='ocrx_word' id='word_1_97' title='bbox 319 1515 384 1560; x_wconf 89' lang='lat' dir='ltr'><strong>non</strong></span> <span class='ocrx_word' id='word_1_98' title='bbox 405 1492 574 1575; x_wconf 81' lang='lat' dir='ltr'><strong>adfuerat,</strong></span> <span class='ocrx_word' id='word_1_99' title='bbox 602 1515 675 1557; x_wconf 92' lang='lat' dir='ltr'><strong>cum</strong></span> <span class='ocrx_word' id='word_1_100' title='bbox 705 1492 761 1557; x_wconf 92' lang='lat' dir='ltr'><strong>ille</strong></span> <span class='ocrx_word' id='word_1_101' title='bbox 789 1516 825 1558; x_wconf 89' lang='lat' dir='ltr'><strong>se</strong></span> <span class='ocrx_word' id='word_1_102' title='bbox 852 1493 1019 1560; x_wconf 78' lang='lat' dir='ltr'><strong>custodiae</strong></span> <span class='ocrx_word' id='word_1_103' title='bbox 1050 1513 1149 1556; x_wconf 84' lang='lat' dir='ltr'><strong>causa</strong></span> 
     </span>
     <span class='ocr_line' id='line_1_13' title="bbox 155 1593 1147 1681; baseline -0.001 -23"><span class='ocrx_word' id='word_1_104' title='bbox 155 1595 189 1658; x_wconf 90' lang='lat' dir='ltr'><strong>in</strong></span> <span class='ocrx_word' id='word_1_105' title='bbox 218 1595 331 1659; x_wconf 85' lang='lat' dir='ltr'><strong>castris</strong></span> <span class='ocrx_word' id='word_1_106' title='bbox 359 1596 552 1659; x_wconf 87' lang='lat' dir='ltr'><strong>remansisse</strong></span> <span class='ocrx_word' id='word_1_107' title='bbox 575 1604 827 1681; x_wconf 83' lang='lat' dir='ltr'><strong>quaereretque,</strong></span> <span class='ocrx_word' id='word_1_108' title='bbox 850 1618 907 1660; x_wconf 87' lang='lat' dir='ltr'><strong>eur</strong></span> <span class='ocrx_word' id='word_1_109' title='bbox 928 1593 971 1659; x_wconf 86' lang='lat' dir='ltr'><strong>ab</strong></span> <span class='ocrx_word' id='word_1_110' title='bbox 993 1617 1032 1660; x_wconf 91' lang='lat' dir='ltr'><strong>eo</strong></span> <span class='ocrx_word' id='word_1_111' title='bbox 1053 1601 1147 1659; x_wconf 87' lang='lat' dir='ltr'><strong>nota-</strong></span> 
     </span>
     <span class='ocr_line' id='line_1_14' title="bbox 142 1695 1148 1783; baseline -0.001 -24"><span class='ocrx_word' id='word_1_112' title='bbox 142 1717 202 1761; x_wconf 92' lang='lat' dir='ltr'><strong>non</strong></span> <span class='ocrx_word' id='word_1_113' title='bbox 223 1718 306 1778; x_wconf 87' lang='lat' dir='ltr'><strong>amo,</strong></span> <span class='ocrx_word' id='word_1_114' title='bbox 329 1697 444 1783; x_wconf 86' lang='lat' dir='ltr'><strong>inquit,</strong></span> <span class='ocrx_word' id='word_1_115' title='bbox 459 1697 595 1762; x_wconf 91' lang='lat' dir='ltr'><strong>nimium</strong></span> <span class='ocrx_word' id='word_1_116' title='bbox 612 1695 795 1780; x_wconf 83' lang='lat' dir='ltr'><strong>diligentes.</strong></span> <span class='ocrx_word' id='word_1_117' title='bbox 826 1695 987 1762; x_wconf 85' lang='lat' dir='ltr'><strong>Aehnlieh</strong></span> <span class='ocrx_word' id='word_1_118' title='bbox 1001 1697 1046 1761; x_wconf 91' lang='lat' dir='ltr'><strong>ist</strong></span> <span class='ocrx_word' id='word_1_119' title='bbox 1061 1695 1148 1762; x_wconf 84' lang='lat' dir='ltr'><strong>Liv.</strong></span> 
     </span>
     <span class='ocr_line' id='line_1_15' title="bbox 163 1797 213 1862; baseline 0.04 -2"><span class='ocrx_word' id='word_1_120' title='bbox 163 1797 213 1862; x_wconf 89' lang='grc'><strong>10.</strong></span> 
     </span>
    </p>

    <p class='ocr_par' dir='ltr' id='par_1_3' title="bbox 142 1898 1152 4525">
     <span class='ocr_line' id='line_1_16' title="bbox 148 1898 1148 1985; baseline 0 -21"><span class='ocrx_word' id='word_1_121' title='bbox 148 1899 220 1964; x_wconf 87' lang='lat' dir='ltr'><strong>Der</strong></span> <span class='ocrx_word' id='word_1_122' title='bbox 245 1899 364 1966; x_wconf 86' lang='lat' dir='ltr'><strong>Modus</strong></span> <span class='ocrx_word' id='word_1_123' title='bbox 395 1898 548 1965; x_wconf 87' lang='lat' dir='ltr'><strong>weehselt</strong></span> <span class='ocrx_word' id='word_1_124' title='bbox 575 1922 674 1985; x_wconf 87' lang='lat' dir='ltr'><strong>sogar</strong></span> <span class='ocrx_word' id='word_1_125' title='bbox 701 1901 735 1965; x_wconf 91' lang='lat' dir='ltr'><strong>in</strong></span> <span class='ocrx_word' id='word_1_126' title='bbox 762 1901 844 1966; x_wconf 84' lang='lat' dir='ltr'><strong>anei</strong></span> <span class='ocrx_word' id='word_1_127' title='bbox 872 1900 1148 1966; x_wconf 87' lang='lat' dir='ltr'><strong>eoordinirten</strong></span> 
     </span>
     <span class='ocr_line' id='line_1_17' title="bbox 142 1999 1148 2087; baseline -0.001 -21"><span class='ocrx_word' id='word_1_128' title='bbox 142 2001 299 2067; x_wconf 74' lang='lat' dir='ltr'><strong>ralstitzen</strong></span> <span class='ocrx_word' id='word_1_129' title='bbox 322 2002 421 2066; x_wconf 89' lang='lat' dir='ltr'><strong>ohne</strong></span> <span class='ocrx_word' id='word_1_130' title='bbox 443 1999 702 2087; x_wconf 90' lang='lat' dir='ltr'><strong>Wiederholung</strong></span> <span class='ocrx_word' id='word_1_131' title='bbox 726 2025 791 2068; x_wconf 89' lang='lat' dir='ltr'><strong>von</strong></span> <span class='ocrx_word' id='word_1_132' title='bbox 817 2024 904 2069; x_wconf 78' lang='lat' dir='ltr'><strong>ouen:</strong></span> <span class='ocrx_word' id='word_1_133' title='bbox 939 2001 1017 2068; x_wconf 82' lang='lat' dir='ltr'><strong>Cic.</strong></span> <span class='ocrx_word' id='word_1_134' title='bbox 1041 2003 1095 2067; x_wconf 87' lang='lat' dir='ltr'><strong>fin.</strong></span> <span class='ocrx_word' id='word_1_135' title='bbox 1118 2001 1148 2084; x_wconf 78' lang='lat'><strong>2,</strong></span> 
     </span>
     <span class='ocr_line' id='line_1_18' title="bbox 148 2103 1149 2182; baseline -0.002 -14"><span class='ocrx_word' id='word_1_136' title='bbox 148 2127 226 2169; x_wconf 90' lang='lat' dir='ltr'><strong>uum</strong></span> <span class='ocrx_word' id='word_1_137' title='bbox 249 2106 346 2169; x_wconf 86' lang='lat' dir='ltr'><strong>etiam</strong></span> <span class='ocrx_word' id='word_1_138' title='bbox 370 2103 405 2169; x_wconf 90' lang='lat' dir='ltr'><strong>P.</strong></span> <span class='ocrx_word' id='word_1_139' title='bbox 421 2103 555 2182; x_wconf 83' lang='lat' dir='ltr'><strong>Decius,</strong></span> <span class='ocrx_word' id='word_1_140' title='bbox 580 2126 653 2169; x_wconf 89' lang='lat' dir='ltr'><strong>eum</strong></span> <span class='ocrx_word' id='word_1_141' title='bbox 676 2126 712 2170; x_wconf 86' lang='lat' dir='ltr'><strong>se</strong></span> <span class='ocrx_word' id='word_1_142' title='bbox 733 2105 912 2171; x_wconf 88' lang='lat' dir='ltr'><strong>devoveret</strong></span> <span class='ocrx_word' id='word_1_143' title='bbox 934 2115 967 2170; x_wconf 94' lang='lat' dir='ltr'><strong>et</strong></span> <span class='ocrx_word' id='word_1_144' title='bbox 982 2143 1021 2153; x_wconf 84' lang='lat'>-</span> <span class='ocrx_word' id='word_1_145' title='bbox 1036 2105 1070 2169; x_wconf 90' lang='lat' dir='ltr'><strong>in</strong></span> <span class='ocrx_word' id='word_1_146' title='bbox 1086 2124 1149 2167; x_wconf 92' lang='lat' dir='ltr'><strong>me·</strong></span> 
     </span>
     <span class='ocr_line' id='line_1_19' title="bbox 142 2205 1150 2294; baseline -0.003 -23"><span class='ocrx_word' id='word_1_147' title='bbox 142 2206 221 2271; x_wconf 88' lang='lat' dir='ltr'><strong>ciem</strong></span> <span class='ocrx_word' id='word_1_148' title='bbox 237 2205 427 2270; x_wconf 88' lang='lat' dir='ltr'><strong>Latinorum</strong></span> <span class='ocrx_word' id='word_1_149' title='bbox 450 2207 606 2288; x_wconf 87' lang='lat' dir='ltr'><strong>irruebat,</strong></span> <span class='ocrx_word' id='word_1_150' title='bbox 630 2205 753 2293; x_wconf 88' lang='lat' dir='ltr'><strong>aliquid</strong></span> <span class='ocrx_word' id='word_1_151' title='bbox 778 2206 819 2272; x_wconf 92' lang='lat' dir='ltr'><strong>de</strong></span> <span class='ocrx_word' id='word_1_152' title='bbox 837 2205 1059 2294; x_wconf 81' lang='lat' dir='ltr'><strong>voluptatibus</strong></span> <span class='ocrx_word' id='word_1_153' title='bbox 1081 2205 1150 2268; x_wconf 88' lang='lat' dir='ltr'><strong>suis</strong></span> 
     </span>
     <span class='ocr_line' id='line_1_20' title="bbox 142 2306 1149 2394; baseline 0.001 -23"><span class='ocrx_word' id='word_1_154' title='bbox 142 2308 194 2373; x_wconf 80' lang='lat' dir='ltr'><strong>at?</strong></span> <span class='ocrx_word' id='word_1_155' title='bbox 229 2306 368 2392; x_wconf 83' lang='lat' dir='ltr'><strong>Madvig</strong></span> <span class='ocrx_word' id='word_1_156' title='bbox 382 2306 480 2371; x_wconf 87' lang='lat' dir='ltr'><strong>nahm</strong></span> <span class='ocrx_word' id='word_1_157' title='bbox 496 2307 549 2373; x_wconf 89' lang='lat' dir='ltr'><strong>die</strong></span> <span class='ocrx_word' id='word_1_158' title='bbox 565 2308 744 2394; x_wconf 81' lang='lat' dir='ltr'><strong>Conjectur</strong></span> <span class='ocrx_word' id='word_1_159' title='bbox 758 2309 920 2374; x_wconf 82' lang='lat' dir='ltr'><strong>devoverat</strong></span> <span class='ocrx_word' id='word_1_160' title='bbox 935 2306 1007 2392; x_wconf 85' lang='lat' dir='ltr'><strong>aul;</strong></span> <span class='ocrx_word' id='word_1_161' title='bbox 1028 2306 1149 2372; x_wconf 84' lang='lat' dir='ltr'><strong>Hoffm.</strong></span> 
     </span>
     <span class='ocr_line' id='line_1_21' title="bbox 155 2408 1150 2497; baseline -0.003 -23"><span class='ocrx_word' id='word_1_162' title='bbox 155 2409 218 2474; x_wconf 89' lang='lat' dir='ltr'><strong>den</strong></span> <span class='ocrx_word' id='word_1_163' title='bbox 240 2409 440 2497; x_wconf 81' lang='lat' dir='ltr'><strong>Oonjunctiv</strong></span> <span class='ocrx_word' id='word_1_164' title='bbox 461 2409 521 2473; x_wconf 84' lang='lat' dir='ltr'><strong>aui</strong></span> <span class='ocrx_word' id='word_1_165' title='bbox 540 2409 574 2476; x_wconf 88' lang='lat' dir='ltr'><strong>S.</strong></span> <span class='ocrx_word' id='word_1_166' title='bbox 600 2410 669 2474; x_wconf 80' lang='lat'>123.</span> <span class='ocrx_word' id='word_1_167' title='bbox 713 2411 797 2475; x_wconf 92' lang='lat' dir='ltr'><strong>Liv.</strong></span> <span class='ocrx_word' id='word_1_168' title='bbox 820 2410 873 2492; x_wconf 81' lang='lat'><strong>29,</strong></span> <span class='ocrx_word' id='word_1_169' title='bbox 896 2410 947 2493; x_wconf 72' lang='lat'><strong>37,</strong></span> <span class='ocrx_word' id='word_1_170' title='bbox 971 2411 991 2473; x_wconf 91' lang='grc'>8</span> <span class='ocrx_word' id='word_1_171' title='bbox 1013 2408 1150 2475; x_wconf 88' lang='lat' dir='ltr'><strong>eumad</strong></span> 
     </span>
     <span class='ocr_line' id='line_1_22' title="bbox 150 2508 1084 2598; baseline 0.001 -24"><span class='ocrx_word' id='word_1_172' title='bbox 150 2508 289 2575; x_wconf 85' lang='lat' dir='ltr'><strong>Polliam</strong></span> <span class='ocrx_word' id='word_1_173' title='bbox 307 2521 445 2596; x_wconf 17' lang='lat' dir='ltr'><strong>,ventum</strong></span> <span class='ocrx_word' id='word_1_174' title='bbox 468 2519 580 2575; x_wconf 87' lang='lat' dir='ltr'><strong>eet-</strong></span> <span class='ocrx_word' id='word_1_175' title='bbox 604 2520 636 2576; x_wconf 90' lang='lat' dir='ltr'><strong>et</strong></span> <span class='ocrx_word' id='word_1_176' title='bbox 658 2533 775 2598; x_wconf 88' lang='lat' dir='ltr'><strong>praeeo</strong></span> <span class='ocrx_word' id='word_1_177' title='bbox 798 2520 1007 2577; x_wconf 77' lang='lat' dir='ltr'><strong>cunctaretur</strong></span> <span class='ocrx_word' id='word_1_178' title='bbox 1028 2519 1084 2575; x_wconf 88' lang='lat' dir='ltr'><strong>ett.</strong></span> 
     </span>
     <span class='ocr_line' id='line_1_23' title="bbox 149 2611 1151 2699; baseline -0.001 -23"><span class='ocrx_word' id='word_1_179' title='bbox 149 2611 258 2677; x_wconf 90' lang='lat' dir='ltr'><strong>Wenu</strong></span> <span class='ocrx_word' id='word_1_180' title='bbox 280 2614 333 2677; x_wconf 89' lang='lat' dir='ltr'><strong>ein</strong></span> <span class='ocrx_word' id='word_1_181' title='bbox 348 2611 593 2699; x_wconf 84' lang='lat' dir='ltr'><strong>Temporalsatz</strong></span> <span class='ocrx_word' id='word_1_182' title='bbox 617 2614 676 2679; x_wconf 91' lang='lat' dir='ltr'><strong>mit</strong></span> <span class='ocrx_word' id='word_1_183' title='bbox 697 2634 767 2679; x_wconf 82' lang='lat' dir='ltr'><strong>eum</strong></span> <span class='ocrx_word' id='word_1_184' title='bbox 790 2614 895 2677; x_wconf 88' lang='lat' dir='ltr'><strong>einem</strong></span> <span class='ocrx_word' id='word_1_185' title='bbox 917 2612 1060 2678; x_wconf 86' lang='lat' dir='ltr'><strong>anderen</strong></span> <span class='ocrx_word' id='word_1_186' title='bbox 1081 2634 1151 2677; x_wconf 90' lang='lat' dir='ltr'><strong>un-</strong></span> 
     </span>
     <span class='ocr_line' id='line_1_24' title="bbox 142 2713 1149 2801; baseline 0.002 -25"><span class='ocrx_word' id='word_1_187' title='bbox 142 2713 221 2779; x_wconf 84' lang='lat' dir='ltr'><strong>.bar</strong></span> <span class='ocrx_word' id='word_1_188' title='bbox 237 2713 283 2797; x_wconf 80' lang='lat' dir='ltr'><strong>(d.</strong></span> <span class='ocrx_word' id='word_1_189' title='bbox 300 2715 330 2780; x_wconf 91' lang='lat' dir='ltr'><strong>h.</strong></span> <span class='ocrx_word' id='word_1_190' title='bbox 348 2714 431 2780; x_wconf 89' lang='lat' dir='ltr'><strong>ohne</strong></span> <span class='ocrx_word' id='word_1_191' title='bbox 446 2713 826 2780; x_wconf 84' lang='lat' dir='ltr'><strong>dazwischentretenden</strong></span> <span class='ocrx_word' id='word_1_192' title='bbox 840 2714 1040 2801; x_wconf 83' lang='lat' dir='ltr'><strong>Hauptsata)</strong></span> <span class='ocrx_word' id='word_1_193' title='bbox 1057 2714 1149 2779; x_wconf 91' lang='lat' dir='ltr'><strong>sub·</strong></span> 
     </span>
     <span class='ocr_line' id='line_1_25' title="bbox 142 2814 1151 2900; baseline -0.001 -21"><span class='ocrx_word' id='word_1_194' title='bbox 142 2825 189 2880; x_wconf 81' lang='lat' dir='ltr'><strong>rt</strong></span> <span class='ocrx_word' id='word_1_195' title='bbox 203 2818 257 2900; x_wconf 85' lang='lat' dir='ltr'><strong>ist,</strong></span> <span class='ocrx_word' id='word_1_196' title='bbox 273 2839 309 2882; x_wconf 90' lang='lat' dir='ltr'><strong>so</strong></span> <span class='ocrx_word' id='word_1_197' title='bbox 325 2816 452 2882; x_wconf 89' lang='lat' dir='ltr'><strong>scheint</strong></span> <span class='ocrx_word' id='word_1_198' title='bbox 465 2838 554 2880; x_wconf 85' lang='lat' dir='ltr'><strong>zwar</strong></span> <span class='ocrx_word' id='word_1_199' title='bbox 568 2815 670 2881; x_wconf 88' lang='lat' dir='ltr'><strong>sehon</strong></span> <span class='ocrx_word' id='word_1_200' title='bbox 681 2814 741 2881; x_wconf 89' lang='lat' dir='ltr'><strong>das</strong></span> <span class='ocrx_word' id='word_1_201' title='bbox 757 2815 945 2882; x_wconf 87' lang='lat' dir='ltr'><strong>stilistische</strong></span> <span class='ocrx_word' id='word_1_202' title='bbox 958 2815 1151 2879; x_wconf 83' lang='lat' dir='ltr'><strong>Bedtirfniss</strong></span> 
     </span>
     <span class='ocr_line' id='line_1_26' title="bbox 142 2914 1151 3002; baseline -0.004 -20"><span class='ocrx_word' id='word_1_203' title='bbox 142 2917 241 2982; x_wconf 87' lang='lat' dir='ltr'><strong>edene</strong></span> <span class='ocrx_word' id='word_1_204' title='bbox 256 2917 349 2983; x_wconf 85' lang='lat' dir='ltr'><strong>Medi</strong></span> <span class='ocrx_word' id='word_1_205' title='bbox 363 2940 405 2982; x_wconf 84' lang='lat' dir='ltr'><strong>zu</strong></span> <span class='ocrx_word' id='word_1_206' title='bbox 420 2917 601 2999; x_wconf 86' lang='lat' dir='ltr'><strong>erfordern,</strong></span> <span class='ocrx_word' id='word_1_207' title='bbox 625 2917 693 2982; x_wconf 86' lang='lat' dir='ltr'><strong>und</strong></span> <span class='ocrx_word' id='word_1_208' title='bbox 709 2918 793 2983; x_wconf 88' lang='lat' dir='ltr'><strong>auch</strong></span> <span class='ocrx_word' id='word_1_209' title='bbox 808 2918 862 2983; x_wconf 91' lang='lat' dir='ltr'><strong>die</strong></span> <span class='ocrx_word' id='word_1_210' title='bbox 877 2914 1151 3002; x_wconf 87' lang='lat' dir='ltr'><strong>grammatisehen</strong></span> 
     </span>
     <span class='ocr_line' id='line_1_27' title="bbox 142 3017 1151 3103; baseline 0.002 -24"><span class='ocrx_word' id='word_1_211' title='bbox 142 3043 146 3079; x_wconf 78' lang='grc' dir='ltr'>ι</span> <span class='ocrx_word' id='word_1_212' title='bbox 173 3019 270 3085; x_wconf 84' lang='lat' dir='ltr'><strong>dal&#39;iir</strong></span> <span class='ocrx_word' id='word_1_213' title='bbox 300 3019 374 3083; x_wconf 90' lang='lat' dir='ltr'><strong>sind</strong></span> <span class='ocrx_word' id='word_1_214' title='bbox 398 3042 440 3083; x_wconf 85' lang='lat' dir='ltr'><strong>zu</strong></span> <span class='ocrx_word' id='word_1_215' title='bbox 462 3018 645 3102; x_wconf 85' lang='lat' dir='ltr'><strong>erkennen,</strong></span> <span class='ocrx_word' id='word_1_216' title='bbox 672 3018 752 3084; x_wconf 83' lang='lat' dir='ltr'><strong>aber</strong></span> <span class='ocrx_word' id='word_1_217' title='bbox 780 3019 1006 3103; x_wconf 83' lang='lat' dir='ltr'><strong>keinesweges</strong></span> <span class='ocrx_word' id='word_1_218' title='bbox 1031 3019 1076 3082; x_wconf 90' lang='lat' dir='ltr'><strong>ist</strong></span> <span class='ocrx_word' id='word_1_219' title='bbox 1097 3017 1151 3081; x_wconf 91' lang='lat' dir='ltr'><strong>die</strong></span> 
     </span>
     <span class='ocr_line' id='line_1_28' title="bbox 142 3118 1151 3207; baseline -0.001 -23"><span class='ocrx_word' id='word_1_220' title='bbox 142 3119 359 3205; x_wconf 78' lang='lat' dir='ltr'><strong>gleiehheit</strong></span> <span class='ocrx_word' id='word_1_221' title='bbox 381 3118 661 3204; x_wconf 80' lang='lat' dir='ltr'><strong>ausgesclilossen,</strong></span> <span class='ocrx_word' id='word_1_222' title='bbox 679 3121 719 3207; x_wconf 90' lang='lat' dir='ltr'><strong>ja</strong></span> <span class='ocrx_word' id='word_1_223' title='bbox 742 3122 789 3186; x_wconf 91' lang='lat' dir='ltr'><strong>sie</strong></span> <span class='ocrx_word' id='word_1_224' title='bbox 811 3123 855 3187; x_wconf 89' lang='lat' dir='ltr'><strong>ist</strong></span> <span class='ocrx_word' id='word_1_225' title='bbox 877 3142 973 3206; x_wconf 85' lang='lat' dir='ltr'><strong>sogar</strong></span> <span class='ocrx_word' id='word_1_226' title='bbox 994 3118 1151 3204; x_wconf 70' lang='lat' dir='ltr'><strong>htufiger.</strong></span> 
     </span>
     <span class='ocr_line' id='line_1_29' title="bbox 142 3219 1152 3307; baseline -0.002 -22"><span class='ocrx_word' id='word_1_227' title='bbox 142 3231 177 3286; x_wconf 89' lang='lat' dir='ltr'><strong>st</strong></span> <span class='ocrx_word' id='word_1_228' title='bbox 198 3223 258 3286; x_wconf 89' lang='lat' dir='ltr'><strong>mit</strong></span> <span class='ocrx_word' id='word_1_229' title='bbox 279 3219 525 3307; x_wconf 80' lang='lat' dir='ltr'><strong>ungleiclren</strong></span> <span class='ocrx_word' id='word_1_230' title='bbox 544 3221 668 3286; x_wconf 86' lang='lat' dir='ltr'><strong>Medis:</strong></span> <span class='ocrx_word' id='word_1_231' title='bbox 691 3221 768 3291; x_wconf 81' lang='lat' dir='ltr'><strong>oie.</strong></span> <span class='ocrx_word' id='word_1_232' title='bbox 783 3221 825 3287; x_wconf 92' lang='lat' dir='ltr'><strong>de</strong></span> <span class='ocrx_word' id='word_1_233' title='bbox 845 3245 892 3287; x_wconf 85' lang='lat' dir='ltr'><strong>or.</strong></span> <span class='ocrx_word' id='word_1_234' title='bbox 907 3223 937 3301; x_wconf 83' lang='lat'><strong>2,</strong></span> <span class='ocrx_word' id='word_1_235' title='bbox 961 3222 1002 3287; x_wconf 75' lang='lat'><strong>70</strong></span> <span class='ocrx_word' id='word_1_236' title='bbox 1023 3230 1060 3286; x_wconf 90' lang='lat' dir='ltr'><strong>ut</strong></span> <span class='ocrx_word' id='word_1_237' title='bbox 1076 3221 1152 3306; x_wconf 85' lang='lat' dir='ltr'><strong>(wie</strong></span> 
     </span>
     <span class='ocr_line' id='line_1_30' title="bbox 142 3312 1152 3410; baseline -0.002 -24"><span class='ocrx_word' id='word_1_238' title='bbox 142 3343 207 3387; x_wconf 76' lang='lat' dir='ltr'><strong>cum</strong></span> <span class='ocrx_word' id='word_1_239' title='bbox 231 3333 368 3410; x_wconf 88' lang='lat' dir='ltr'><strong>patrono</strong></span> <span class='ocrx_word' id='word_1_240' title='bbox 390 3322 487 3406; x_wconf 87' lang='lat' dir='ltr'><strong>malo,</strong></span> <span class='ocrx_word' id='word_1_241' title='bbox 510 3346 584 3387; x_wconf 89' lang='lat' dir='ltr'><strong>cum</strong></span> <span class='ocrx_word' id='word_1_242' title='bbox 606 3345 719 3388; x_wconf 87' lang='lat' dir='ltr'><strong>vocem</strong></span> <span class='ocrx_word' id='word_1_243' title='bbox 742 3324 776 3389; x_wconf 93' lang='lat' dir='ltr'><strong>in</strong></span> <span class='ocrx_word' id='word_1_244' title='bbox 798 3325 935 3390; x_wconf 86' lang='lat' dir='ltr'><strong>diceudo</strong></span> <span class='ocrx_word' id='word_1_245' title='bbox 957 3312 1152 3404; x_wconf 71' lang='lat' dir='ltr'><strong>obtulisset,</strong></span> 
     </span>
     <span class='ocr_line' id='line_1_31' title="bbox 142 3422 1152 3507; baseline -0.002 -17"><span class='ocrx_word' id='word_1_246' title='bbox 142 3434 168 3490; x_wconf 80' lang='lat' dir='ltr'><strong>et</strong></span> <span class='ocrx_word' id='word_1_247' title='bbox 191 3422 334 3496; x_wconf 87' lang='lat' dir='ltr'><strong>Granius</strong></span> <span class='ocrx_word' id='word_1_248' title='bbox 357 3436 394 3490; x_wconf 94' lang='lat' dir='ltr'><strong>ut</strong></span> <span class='ocrx_word' id='word_1_249' title='bbox 416 3434 472 3490; x_wconf 85' lang='lat' dir='ltr'><strong>ott.</strong></span> <span class='ocrx_word' id='word_1_250' title='bbox 513 3424 756 3490; x_wconf 80' lang='lat' dir='ltr'><strong>EbensoAtt.</strong></span> <span class='ocrx_word' id='word_1_251' title='bbox 783 3426 939 3507; x_wconf 68' lang='lat'><strong>1,16,4„</strong></span> <span class='ocrx_word' id='word_1_252' title='bbox 977 3424 1065 3489; x_wconf 90' lang='lat' dir='ltr'><strong>Oder</strong></span> <span class='ocrx_word' id='word_1_253' title='bbox 1087 3445 1152 3488; x_wconf 85' lang='lat' dir='ltr'><strong>von</strong></span> 
     </span>
     <span class='ocr_line' id='line_1_32' title="bbox 142 3527 1152 3613; baseline -0.004 -21"><span class='ocrx_word' id='word_1_254' title='bbox 142 3546 265 3592; x_wconf 70' lang='lat' dir='ltr'><strong>emaum</strong></span> <span class='ocrx_word' id='word_1_255' title='bbox 290 3529 392 3612; x_wconf 71' lang='lat' dir='ltr'><strong>hangt</strong></span> <span class='ocrx_word' id='word_1_256' title='bbox 421 3528 472 3591; x_wconf 90' lang='lat' dir='ltr'><strong>ein</strong></span> <span class='ocrx_word' id='word_1_257' title='bbox 503 3528 633 3591; x_wconf 79' lang='lat' dir='ltr'><strong>aweites</strong></span> <span class='ocrx_word' id='word_1_258' title='bbox 662 3547 732 3592; x_wconf 82' lang='lat' dir='ltr'><strong>eum</strong></span> <span class='ocrx_word' id='word_1_259' title='bbox 759 3528 821 3592; x_wconf 91' lang='lat' dir='ltr'><strong>mit</strong></span> <span class='ocrx_word' id='word_1_260' title='bbox 848 3527 920 3592; x_wconf 91' lang='lat' dir='ltr'><strong>dem</strong></span> <span class='ocrx_word' id='word_1_261' title='bbox 950 3527 1152 3613; x_wconf 83' lang='lat' dir='ltr'><strong>Conjunetiv</strong></span> 
     </span>
     <span class='ocr_line' id='line_1_33' title="bbox 145 3626 1152 3714; baseline 0 -23"><span class='ocrx_word' id='word_1_262' title='bbox 145 3650 176 3693; x_wconf 91' lang='lat' dir='ltr'><strong>v.</strong></span> <span class='ocrx_word' id='word_1_263' title='bbox 199 3629 257 3710; x_wconf 86' lang='lat'><strong>41,</strong></span> <span class='ocrx_word' id='word_1_264' title='bbox 286 3629 342 3712; x_wconf 83' lang='lat'><strong>26,</strong></span> <span class='ocrx_word' id='word_1_265' title='bbox 365 3628 386 3692; x_wconf 84' lang='lat'><em>2</em></span> <span class='ocrx_word' id='word_1_266' title='bbox 413 3628 519 3714; x_wconf 86' lang='lat' dir='ltr'><strong>prima</strong></span> <span class='ocrx_word' id='word_1_267' title='bbox 546 3626 604 3692; x_wconf 85' lang='lat' dir='ltr'><strong>lux</strong></span> <span class='ocrx_word' id='word_1_268' title='bbox 631 3627 734 3691; x_wconf 86' lang='lat' dir='ltr'><strong>ferme</strong></span> <span class='ocrx_word' id='word_1_269' title='bbox 762 3639 848 3711; x_wconf 87' lang='lat' dir='ltr'><strong>erat,</strong></span> <span class='ocrx_word' id='word_1_270' title='bbox 877 3651 951 3695; x_wconf 88' lang='lat' dir='ltr'><strong>cum</strong></span> <span class='ocrx_word' id='word_1_271' title='bbox 978 3627 1095 3713; x_wconf 83' lang='lat' dir='ltr'><strong>vigiles</strong></span> <span class='ocrx_word' id='word_1_272' title='bbox 1117 3629 1152 3691; x_wconf 91' lang='lat' dir='ltr'><strong>in</strong></span> 
     </span>
     <span class='ocr_line' id='line_1_34' title="bbox 142 3728 1152 3817; baseline -0.002 -22"><span class='ocrx_word' id='word_1_273' title='bbox 142 3731 245 3817; x_wconf 32' lang='lat' dir='ltr'><strong>,nique</strong></span> <span class='ocrx_word' id='word_1_274' title='bbox 273 3730 306 3794; x_wconf 91' lang='lat' dir='ltr'><strong>in</strong></span> <span class='ocrx_word' id='word_1_275' title='bbox 335 3740 503 3816; x_wconf 87' lang='lat' dir='ltr'><strong>portarum</strong></span> <span class='ocrx_word' id='word_1_276' title='bbox 526 3729 721 3795; x_wconf 85' lang='lat' dir='ltr'><strong>stationibus</strong></span> <span class='ocrx_word' id='word_1_277' title='bbox 752 3740 858 3815; x_wconf 90' lang='lat' dir='ltr'><strong>erant,</strong></span> <span class='ocrx_word' id='word_1_278' title='bbox 887 3753 960 3796; x_wconf 90' lang='lat' dir='ltr'><strong>cum</strong></span> <span class='ocrx_word' id='word_1_279' title='bbox 989 3728 1152 3794; x_wconf 90' lang='lat' dir='ltr'><strong>vidissent</strong></span> 
     </span>
     <span class='ocr_line' id='line_1_35' title="bbox 143 3830 1151 3915; baseline -0.004 -18"><span class='ocrx_word' id='word_1_280' title='bbox 143 3833 328 3897; x_wconf 87' lang='lat' dir='ltr'><strong>venientem</strong></span> <span class='ocrx_word' id='word_1_281' title='bbox 344 3830 480 3914; x_wconf 89' lang='lat' dir='ltr'><strong>hostem,</strong></span> <span class='ocrx_word' id='word_1_282' title='bbox 502 3830 544 3896; x_wconf 86' lang='lat' dir='ltr'><strong>ad</strong></span> <span class='ocrx_word' id='word_1_283' title='bbox 562 3852 654 3895; x_wconf 90' lang='lat' dir='ltr'><strong>arma</strong></span> <span class='ocrx_word' id='word_1_284' title='bbox 667 3833 961 3899; x_wconf 83' lang='lat' dir='ltr'><strong>conclamaverunt.</strong></span> <span class='ocrx_word' id='word_1_285' title='bbox 992 3831 1151 3915; x_wconf 89' lang='lat' dir='ltr'><strong>Dagegen</strong></span> 
     </span>
     <span class='ocr_line' id='line_1_36' title="bbox 142 3930 1151 4018; baseline 0 -23"><span class='ocrx_word' id='word_1_286' title='bbox 142 3953 168 3997; x_wconf 70' lang='lat' dir='ltr'><strong>,e</strong></span> <span class='ocrx_word' id='word_1_287' title='bbox 196 3931 303 3997; x_wconf 80' lang='lat' dir='ltr'><strong>Modi:</strong></span> <span class='ocrx_word' id='word_1_288' title='bbox 332 3931 412 3997; x_wconf 84' lang='lat' dir='ltr'><strong>Cic.</strong></span> <span class='ocrx_word' id='word_1_289' title='bbox 435 3956 466 4018; x_wconf 87' lang='lat' dir='ltr'><strong>p.</strong></span> <span class='ocrx_word' id='word_1_290' title='bbox 490 3930 615 3996; x_wconf 81' lang='lat' dir='ltr'><strong>Cluent.</strong></span> <span class='ocrx_word' id='word_1_291' title='bbox 638 3934 697 4015; x_wconf 83' lang='lat'><strong>51,</strong></span> <span class='ocrx_word' id='word_1_292' title='bbox 722 3935 784 3999; x_wconf 81' lang='lat'><strong>140</strong></span> <span class='ocrx_word' id='word_1_293' title='bbox 808 3935 847 3998; x_wconf 89' lang='lat' dir='ltr'><strong>L.</strong></span> <span class='ocrx_word' id='word_1_294' title='bbox 871 3933 983 3998; x_wconf 82' lang='lat' dir='ltr'><strong>Crassi</strong></span> <span class='ocrx_word' id='word_1_295' title='bbox 1010 3932 1151 3996; x_wconf 86' lang='lat' dir='ltr'><strong>auctori·</strong></span> 
     </span>
     <span class='ocr_line' id='line_1_37' title="bbox 142 4029 1150 4122; baseline -0.003 -24"><span class='ocrx_word' id='word_1_296' title='bbox 142 4055 259 4122; x_wconf 70' lang='lat' dir='ltr'><strong>sequor,</strong></span> <span class='ocrx_word' id='word_1_297' title='bbox 282 4035 339 4121; x_wconf 90' lang='lat' dir='ltr'><strong>qui</strong></span> <span class='ocrx_word' id='word_1_298' title='bbox 361 4057 435 4100; x_wconf 87' lang='lat' dir='ltr'><strong>eum</strong></span> <span class='ocrx_word' id='word_1_299' title='bbox 458 4034 495 4099; x_wconf 80' lang='lat' dir='ltr'><strong>O.</strong></span> <span class='ocrx_word' id='word_1_300' title='bbox 518 4032 674 4099; x_wconf 87' lang='lat' dir='ltr'><strong>Plancum</strong></span> <span class='ocrx_word' id='word_1_301' title='bbox 696 4034 888 4100; x_wconf 84' lang='lat' dir='ltr'><strong>defenderet</strong></span> <span class='ocrx_word' id='word_1_302' title='bbox 909 4041 1083 4100; x_wconf 86' lang='lat' dir='ltr'><strong>accusante</strong></span> <span class='ocrx_word' id='word_1_303' title='bbox 1104 4029 1150 4095; x_wconf 87' lang='lat' dir='ltr'><strong>M.</strong></span> 
     </span>
     <span class='ocr_line' id='line_1_38' title="bbox 142 4135 1151 4223; baseline -0.004 -23"><span class='ocrx_word' id='word_1_304' title='bbox 142 4171 198 4221; x_wconf 84' lang='lat'><strong>-,</strong></span> <span class='ocrx_word' id='word_1_305' title='bbox 225 4157 300 4207; x_wconf 86' lang='lat' dir='ltr'><strong>eum</strong></span> <span class='ocrx_word' id='word_1_306' title='bbox 328 4135 450 4200; x_wconf 86' lang='lat' dir='ltr'><strong>Brutus</strong></span> <span class='ocrx_word' id='word_1_307' title='bbox 480 4173 518 4182; x_wconf 88' lang='lat'>-</span> <span class='ocrx_word' id='word_1_308' title='bbox 549 4146 711 4218; x_wconf 88' lang='lat' dir='ltr'><strong>curasset,</strong></span> <span class='ocrx_word' id='word_1_309' title='bbox 739 4136 940 4223; x_wconf 88' lang='lat' dir='ltr'><strong>aliquantum</strong></span> <span class='ocrx_word' id='word_1_310' title='bbox 968 4154 1039 4200; x_wconf 88' lang='lat' dir='ltr'><strong>esse</strong></span> <span class='ocrx_word' id='word_1_311' title='bbox 1066 4154 1151 4199; x_wconf 87' lang='lat' dir='ltr'><strong>eom-</strong></span> 
     </span>
     <span class='ocr_line' id='line_1_39' title="bbox 142 4236 1151 4319; baseline -0.005 -16"><span class='ocrx_word' id='word_1_312' title='bbox 142 4237 269 4304; x_wconf 88' lang='lat' dir='ltr'><strong>dieitur.</strong></span> <span class='ocrx_word' id='word_1_313' title='bbox 312 4236 396 4303; x_wconf 91' lang='lat' dir='ltr'><strong>Hier</strong></span> <span class='ocrx_word' id='word_1_314' title='bbox 424 4239 468 4302; x_wconf 88' lang='lat' dir='ltr'><strong>ist</strong></span> <span class='ocrx_word' id='word_1_315' title='bbox 488 4237 557 4301; x_wconf 86' lang='lat' dir='ltr'><strong>also</strong></span> <span class='ocrx_word' id='word_1_316' title='bbox 579 4237 637 4300; x_wconf 90' lang='lat' dir='ltr'><strong>der</strong></span> <span class='ocrx_word' id='word_1_317' title='bbox 661 4246 746 4303; x_wconf 82' lang='lat' dir='ltr'><strong>erate</strong></span> <span class='ocrx_word' id='word_1_318' title='bbox 768 4238 954 4305; x_wconf 83' lang='lat' dir='ltr'><strong>Nebensatz</strong></span> <span class='ocrx_word' id='word_1_319' title='bbox 977 4236 1051 4300; x_wconf 91' lang='lat' dir='ltr'><strong>dom</strong></span> <span class='ocrx_word' id='word_1_320' title='bbox 1074 4257 1151 4319; x_wconf 85' lang='lat' dir='ltr'><strong>gan·</strong></span> 
     </span>
     <span class='ocr_line' id='line_1_40' title="bbox 142 4336 1150 4426; baseline -0.007 -21"><span class='ocrx_word' id='word_1_321' title='bbox 142 4337 270 4425; x_wconf 84' lang='lat' dir='ltr'><strong>genden</strong></span> <span class='ocrx_word' id='word_1_322' title='bbox 291 4338 544 4426; x_wconf 82' lang='lat' dir='ltr'><strong>Setzcomplexe</strong></span> <span class='ocrx_word' id='word_1_323' title='bbox 566 4340 836 4424; x_wconf 85' lang='lat' dir='ltr'><strong>untergeordnet,</strong></span> <span class='ocrx_word' id='word_1_324' title='bbox 864 4339 926 4405; x_wconf 90' lang='lat' dir='ltr'><strong>wie</strong></span> <span class='ocrx_word' id='word_1_325' title='bbox 956 4360 990 4403; x_wconf 89' lang='lat' dir='ltr'><strong>ea</strong></span> <span class='ocrx_word' id='word_1_326' title='bbox 1013 4336 1066 4402; x_wconf 89' lang='lat' dir='ltr'><strong>bei</strong></span> <span class='ocrx_word' id='word_1_327' title='bbox 1088 4336 1150 4400; x_wconf 85' lang='lat' dir='ltr'><strong>Re·</strong></span> 
     </span>
     <span class='ocr_line' id='line_1_41' title="bbox 142 4440 1151 4525; baseline -0.002 -18"><span class='ocrx_word' id='word_1_328' title='bbox 142 4462 209 4507; x_wconf 73' lang='lat' dir='ltr'><strong>aen</strong></span> <span class='ocrx_word' id='word_1_329' title='bbox 232 4441 428 4508; x_wconf 90' lang='lat' dir='ltr'><strong>vorkommt.</strong></span> <span class='ocrx_word' id='word_1_330' title='bbox 471 4440 631 4506; x_wconf 83' lang='lat' dir='ltr'><strong>Aehnlich</strong></span> <span class='ocrx_word' id='word_1_331' title='bbox 654 4443 699 4506; x_wconf 89' lang='lat' dir='ltr'><strong>ist</strong></span> <span class='ocrx_word' id='word_1_332' title='bbox 720 4443 773 4523; x_wconf 86' lang='lat' dir='ltr'><strong>die</strong></span> <span class='ocrx_word' id='word_1_333' title='bbox 796 4441 1095 4525; x_wconf 85' lang='lat' dir='ltr'><strong>Periodenbildung</strong></span> <span class='ocrx_word' id='word_1_334' title='bbox 1116 4441 1151 4505; x_wconf 88' lang='lat' dir='ltr'><strong>in</strong></span> 
     </span>
    </p>
   </div>
   <div class='ocr_carea' id='block_1_3' title="bbox 0 0 1481 4988">
    <p class='ocr_par' dir='ltr' id='par_1_4' title="bbox 0 0 1481 4988">
     <span class='ocr_line' id='line_1_42' title="bbox 0 0 1481 4988; baseline 0 0"><span class='ocrx_word' id='word_1_335' title='bbox 0 0 1481 4988; x_wconf 95' lang='lat' dir='ltr'><strong> </strong></span> 
     </span>
    </p>
   </div>
  </div>
 </body>
</html>
