2948 4988
613 377 665 401 .-
712 337 773 404 657
822 377 856 386 -

175 507 247 594 quia
274 528 389 594 pacem
417 506 570 574 volebant
597 507 774 588 Samnites,
806 529 903 595 quam
932 509 1009 596 quia
1036 510 1179 575 nendum
1208 511 1314 597 parati

173 619 263 675 eraut
285 608 329 674 ad
352 607 483 674 bellum.
531 609 581 690 10,
602 609 659 692 41,
686 609 726 673 12
746 611 788 675 ad
811 611 924 676 urbem
946 610 1090 697 Scipioni
1119 614 1242 678 maiore
1264 635 1314 677 re-

173 710 301 777 sistitur
323 710 373 794 vi,
401 732 466 776 non
488 711 565 798 quia
587 710 660 795 plus
682 712 782 777 animi
806 713 901 778 victis
924 722 987 796 est,
1010 714 1068 778 sed
1092 712 1207 779 melius
1230 717 1313 779 muri

171 834 267 898 quam
290 811 414 877 vallum
436 822 579 879 armatos
602 823 722 879 arcent.
759 814 810 895 33,
832 813 920 897 27,6
941 814 975 879 id
998 837 1018 879 a
1040 815 1196 897 Quinctio
1219 815 1315 882 facile

171 915 393 1000 impetratum,
416 936 479 979 111
503 915 580 1001 quia
602 916 681 1000 satis
704 916 821 1000 dignos
844 937 899 979 111
922 916 1086 995 credebat,
1110 917 1168 983 sed
1184 919 1312 1004 quia-

170 1016 267 1080 111111
289 1014 512 1082 conciliandus
535 1024 615 1081 erat.
658 1016 711 1099 40,
734 1017 786 1099 33,
808 1016 829 1080 2
851 1018 1052 1082 morantibus
1075 1021 1125 1103 iis,
1152 1021 1316 1106 nunquia

169 1120 233 1206 ipsi
257 1120 403 1183 cunctati
426 1127 513 1201 sunt,
537 1116 596 1183 sed
618 1121 695 1204 quia
717 1120 881 1205 profectos
902 1157 940 1166 -
966 1120 1068 1184 inflati
1092 1143 1203 1186 amnes
1226 1132 1314 1187 tene·

171 1223 262 1287 bant.
301 1220 396 1285 Eben
418 1241 454 1285 so
476 1221 636 1285 incorreet
658 1218 759 1285 Vell.
781 1220 912 1301 1,12‚2
935 1225 1039 1306 magis
1062 1225 1139 1310 quia
1161 1222 1317 1290 volebant

172 1320 384 1406 -credere,
415 1343 512 1409 quam
540 1323 618 1409 quia
646 1321 810 1387 credenda
835 1322 1064 1389 afferebantur.
1108 1323 1185 1390 Und
1206 1326 1228 1389 4
1250 1324 1318 1389 Mal

171 1426 224 1491 bei
245 1423 433 1490 Tacitus:
457 1423 532 1489 dial.
548 1424 588 1489 37
611 1446 675 1490 111
698 1424 775 1511 quia
798 1426 881 1489 tanti
900 1427 963 1490 fuit
979 1425 1129 1511 (Madvig
1149 1428 1314 1510 corrigirt:

170 1526 296 1611 fuerit).
340 1526 372 1591 h.
396 1526 426 1604 3,
448 1526 470 1590 4
492 1548 556 1591 111
579 1526 657 1612 quia
677 1522 840 1591 industiia
862 1525 1012 1590 Flaviani
1035 1530 1167 1611 egebat,
1190 1529 1246 1592 sed
1269 1539 1315 1593 ut.

170 1628 269 1714 (Hier
297 1649 373 1712 mag
401 1626 459 1692 der
481 1627 597 1693 Grund
627 1627 675 1693 als
704 1627 920 1692 thatsiiehlich
946 1627 1081 1712 gelten.)
1125 1650 1198 1694 ann.
1225 1629 1314 1712 13,1

170 1753 236 1797 non
259 1731 337 1817 quia
358 1730 482 1814 ingenii
505 1729 663 1796 violentia
691 1731 828 1794 exitium
855 1729 1059 1811 irritaverat,
1087 1732 1195 1815 segnis
1219 1739 1252 1794 11
1273 1768 1316 1779 --

172 1831 351 1897 fastiditus.
391 1832 439 1910 15,
455 1831 498 1895 60
519 1833 677 1919 nunquia
699 1832 933 1897 coniurationis
957 1830 1166 1896 manifestum
1189 1853 1315 1918 compe·

175 1945 273 2018 reret,
296 1931 355 1998 sed
377 1942 414 1998 ut
434 1934 522 1998 ferro
544 1942 759 2018 grassaretur.

256 2032 453 2099 Auffullsnd
479 2036 524 2101 ist
554 2036 634 2117 quia
663 2044 743 2099 statt
776 2037 854 2118 quia
881 2055 946 2101 noa
978 2036 1012 2099 in
1040 2035 1100 2101 der
1122 2035 1317 2121 Bedeutung

177 2135 266 2216 „weil
294 2146 379 2201 etwa
406 2135 514 2217 nieht,
543 2137 592 2202 als
616 2138 657 2202 ob
685 2138 806 2219 nieht“,
836 2139 919 2203 ohne
945 2136 1021 2202 dass
1051 2136 1108 2202 der
1131 2134 1318 2223 Gegensutz

177 2241 230 2304 mit
257 2239 314 2304 sed
339 2235 430 2322 folgt.
479 2237 551 2303 Wir
576 2237 684 2303 haben
718 2237 815 2303 datur
841 2262 904 2305 nur
930 2238 1111 2324 asselage:
1143 2239 1242 2304 Cato
1264 2263 1317 2326 up.

145 2337 258 2406 ’(1111.
280 2340 333 2424 17,
359 2340 413 2422 13,
436 2340 457 2404 3
479 2339 567 2404 haud
590 2362 644 2405 eos
667 2361 700 2405 eo
723 2350 922 2428 postremum
948 2340 1069 2423 scribo,
1099 2342 1179 2427 quin
1205 2340 1318 2426 populi

178 2454 205 2509 11
231 2441 311 2507 1111
341 2451 374 2505 11
402 2443 525 2506 strenui
554 2442 649 2506 sient.
694 2441 768 2507 Und
798 2445 882 2509 ohne
909 2442 1049 2528 Angabe
1077 2444 1164 2506 eines
1193 2442 1317 2507 Autors

176 2543 331 2611 ebandas.
375 2542 450 2624 §.2
480 2565 546 2608 non
577 2545 693 2609 ideirco
724 2566 839 2610 causas
868 2545 1029 2610 Isocrates
1063 2566 1128 2608 non
1160 2542 1318 2625 defendit,

174 2646 252 2732 quin
266 2645 302 2710 id
318 2643 397 2709 utile
412 2666 483 2709 esse
500 2653 532 2708 11
548 2643 719 2709 honestum
743 2647 952 2712 existimarit.
986 2645 1078 2709 Aber
1090 2644 1180 2710 diese
1197 2643 1317 2709 Bruch-

169 2747 293 2814 atdclre
315 2744 424 2811 lassen
445 2745 536 2811 nieht
560 2747 738 2829 erkennen,
761 2771 828 2814 was
853 2761 936 2812 etue
958 2748 1017 2811 auf
1037 2749 1084 2812 sie
1105 2743 1219 2831 folgte.

606 2985 663 3053 (1(1.
699 2985 889 3053 rnatum.

260 3145 292 3224 ξ.
315 3142 388 3207 539.
425 3141 501 3207 Von
523 3141 585 3205 den
608 3139 819 3207 Finalsiitzen
846 3143 978 3207 scheide
1003 3140 1056 3206 ich
1077 3140 1141 3205 alle
1164 3140 1317 3206 Substan-

157 3247 318 3312 11111111
344 3242 405 3308 mit
430 3248 467 3308 111
493 3243 560 3307 und
582 3264 622 3308 ase
643 3265 717 3323 aus,
747 3242 800 3307 die
822 3243 855 3307 in
878 3246 931 3326 §5-
954 3243 1120 3308 384-411
1144 3240 1321 3306 behandelt

152 3346 258 3415 sind.
303 3345 375 3410 Nur
403 3343 456 3409 die
484 3345 547 3410 den
576 3344 692 3410 beiden
722 3344 926 3409 Satzfurmen
954 3345 1195 3430 gemeinsamen
1216 3344 1321 3409 Parti-

158 3441 253 3515 keln
273 3467 366 3529 aeae,
388 3467 466 3529 aea,
493 3467 592 3529 neque
613 3446 680 3511 und
703 3451 732 3511 et
751 3467 791 3511 ne
813 3445 915 3512 sollen
938 3446 1007 3510 hier
1030 3447 1089 3510 der
1111 3444 1320 3511 Uebersieht-

160 3544 315 3618 li'ehksit
343 3570 458 3634 wegen
486 3570 673 3612 zusammen
701 3547 903 3633 besprouhen
932 3549 1072 3613 werden.
1116 3544 1187 3612 Der
1214 3548 1323 3631 einzig

160 3650 339 3738 mugliuhe
353 3649 494 3715 Modus
518 3650 576 3715 des
591 3648 807 3715 lateinischen
821 3649 1036 3731 Finalsatzes,
1055 3650 1116 3713 wie
1131 3648 1189 3713 des
1205 3647 1321 3732 Fulge-

164 3765 291 3831 satzes,
313 3754 357 3817 ist
381 3752 438 3816 der
461 3752 726 3840 Conjunetiv,
755 3773 912 3837 wogegen
934 3751 994 3816 das
1018 3750 1226 3816 Grieehische
1250 3751 1321 3813 eine

169 3876 289 3941 grosse
304 3852 611 3938 Mannigfaltigkeit
626 3854 659 3918 in
676 3853 739 3918 den
750 3851 956 3918 Satnformen
973 3850 1240 3935 hereusgebildet
1255 3850 1322 3914 hat.

263 3960 295 4039 ξ.
316 3955 390 4021 540.
423 3955 489 4019 Die
511 3954 767 4040 gewdhnlichste
790 3955 858 4019 und
874 3952 1001 4018 iiberall
1022 3952 1252 4038 gleichmttssig
1266 3972 1321 4037 ge-

176 4057 338 4125 brauchte
359 4056 596 4144 Finalpartikel
618 4057 663 4120 ist
683 4062 727 4122 11.

262 4161 292 4229 1.
315 4157 357 4223 11
379 4159 437 4223 der
451 4157 553 4243 Regel
576 4156 757 4243 eutspricht
778 4158 831 4222 ihr
851 4156 948 4222 kein
970 4154 1321 4220 demonstrativer

180 4260 397 4329 Ausdruek
426 4262 469 4325 im
493 4259 714 4347 Hauptsatze;
743 4282 779 4325 so
807 4258 906 4324 11111
929 4256 1044 4321 inder
1070 4255 1211 4322 11111111
1232 4255 1322 4320 Zeit:

179 4362 355 4430 Naevius
377 4384 428 4449 ap.
451 4362 580 4427 Charis.
599 4365 611 4425 1
631 4384 662 4447 p.
681 4361 740 4426 178
763 4360 819 4426 diu
843 4361 936 4426 vivat
958 4356 1043 4442 volo,
1065 4367 1102 4422 ut
1123 4358 1203 4423 mihi
1226 4356 1320 4445 prud-

179 4486 250 4531 esse
278 4465 395 4553 pessit.
441 4463 536 4529 Cato
565 4485 590 4528 r.
619 4486 644 4527 r.
668 4463 688 4527 3
716 4462 893 4529 toreularia
922 4461 1007 4526 buna
1034 4460 1155 4526 habere
1183 4467 1319 4546 oportet,
