2948 4988
640 292 870 357 -681-

132 461 391 547 Auffassung
412 460 467 525 fttr
481 458 676 545 unmoglich.
721 459 835 524 Sicber
858 462 901 524 ist
917 458 1052 546 jedoch,
1074 457 1151 522 dass
1174 458 1227 522 die
1250 459 1326 521 mei·

132 568 247 624 tten
279 560 538 645 Verbindungen
560 562 621 624 mit
643 562 748 626 einem
772 561 947 642 Futurum,
976 582 1053 644 mag
1081 560 1230 624 dasselbe
1260 581 1326 623 nun

132 682 169 722 n
210 662 357 728 beiden
380 662 501 727 Stttzen
523 661 604 726 oder
632 685 695 727 nur
721 664 754 726 in
783 665 908 726 einem
936 662 1067 745 stehcn,
1095 660 1158 725 don
1187 661 1326 746 griechi-

132 760 281 827 schen
303 761 634 848 Bedingungsstitzen
657 763 716 827 mit
740 760 800 827 ἐὰν
822 786 848 827 c.
873 766 959 851 conj.
984 763 1065 827 odor
1086 763 1118 826 ei
1131 785 1159 826 c.
1176 762 1250 843 fut,
1274 760 1327 824 dic

132 860 209 924 ich
262 863 347 929 nach
376 864 474 928 Aken
502 863 569 928 und
592 865 685 930 Koch
715 864 806 930 nicht
831 865 1074 942 untcrsoheide,
1104 865 1327 950 entspreclrcn.

132 960 294 1030 Dahis
324 966 469 1050 gehdren
497 965 567 1031 also
597 967 679 1031 auch
709 968 762 1031 die
789 967 910 1031 bereits
940 968 1026 1033 oben
1048 976 1143 1030 unter
1166 969 1204 1046 A,
1229 963 1250 1027 d
1275 967 1328 1028 be·

132 1061 360 1130 handelten
376 1063 510 1148 Stellen,
533 1089 583 1132 wo
599 1065 658 1131 der
672 1068 859 1133 Nebensatz
876 1070 920 1131 im
936 1069 1106 1150 Praesens,
1129 1065 1188 1130 der
1203 1065 1328 1151 Haupt·

132 1172 244 1227 satz
278 1167 323 1230 im
346 1167 506 1231 Futurum
530 1166 625 1233 steht.
1108 1208 1111 1213 -

265 1290 296 1333 a.
320 1266 397 1334 th.
421 1267 439 1332 I
465 1268 499 1332 in
527 1269 683 1354 Haupt·
712 1271 781 1335 und
809 1270 1060 1353 Nebcnsatz,
1090 1270 1189 1334 schon
1219 1268 1329 1352 heufig

135 1360 218 1428 bei
259 1370 378 1436 Cato:
402 1392 430 1434 r.
446 1392 471 1434 r.
491 1372 506 1433 l
523 1371 694 1456 praedium
710 1373 794 1458 quod
811 1373 952 1459 primurn
975 1374 1037 1436 siet
1059 1373 1087 1436 si
1110 1392 1161 1435 me
1184 1372 1327 1456 rogabis,

134 1461 204 1525 8ῑο
242 1472 371 1538 dicam.
405 1471 616 1556 3si-erit,
632 1483 789 1559 putescct.
823 1473 929 1539 Ibid.:
952 1476 979 1538 si
1000 1473 1328 1538 voles—ducentur.

136 1563 175 1625 4-
213 1569 247 1631 ἴ)
278 1574 307 1637 si
329 1571 419 1636 nolet
441 1570 525 1637 male
553 1572 677 1658 facere,
706 1597 770 1639 non
799 1575 909 1639 faciet.
953 1574 1030 1639 Und
1059 1573 1155 1639 oster.
1200 1572 1327 1638 Plaut.

143 1660 285 1739 l'oen.
301 1675 332 1757 4,
347 1675 379 1758 2,
396 1675 437 1739 88
453 1696 544 1739 meus
560 1674 669 1740 hercle
685 1676 883 1742 conlibertus
899 1676 977 1741 faxo
1001 1678 1075 1756 erio,
1100 1676 1127 1741 si
1150 1676 1184 1739 di
1208 1675 1329 1741 volent.

143 1759 269 1841 Ter.
292 1775 397 1840 Andr.
420 1775 481 1840 713
504 1777 533 1840 si
556 1778 634 1862 quid
657 1781 717 1859 (sc.
743 1778 906 1863 babebis),
930 1778 1017 1842 domi
1035 1800 1100 1842 cro.
1135 1778 1252 1842 Heaut.
1269 1777 1331 1841 872

149 1883 234 1947 e{30
267 1876 358 1941 domi
380 1898 447 1960 ero,
470 1877 498 1941 si
520 1878 600 1964 quid
623 1899 674 1941 me
698 1877 797 1947 voles.
833 1880 914 1944 Eun.
943 1880 989 1944 18.
1014 1880 1086 1946 742.
1120 1878 1331 1945 Phormsno

150 1971 261 2046 quiid
282 1979 310 2042 si
324 1977 466 2044 reddet?
489 1979 561 2044 692.
586 1978 667 2044 Hoc.
683 1980 756 2044 349.
791 1980 939 2045 Hiervon
955 1980 1100 2045 scheidct
1123 2003 1192 2044 nun
1213 1980 1332 2063 Liobig

154 2066 341 2157 lolgendc
364 2078 487 2145 Stellen
510 2103 582 2162 aus,
605 2082 639 2144 in
661 2081 767 2145 denen
790 2081 924 2147 crstlich
947 2081 1046 2145 keine
1069 2083 1256 2146 bestimmte
1273 2081 1332 2143 Er-

156 2185 337 2279 lfartung
366 2182 630 2269 ausgcsprochen
657 2183 714 2247 ist:
750 2182 892 2248 Heaut.
921 2184 982 2246 217
1014 2183 1092 2246 rnihi
1128 2184 1156 2246 si
1189 2203 1331 2268 unquam

159 2266 273 2344 bliug
296 2284 375 2364 erit,
405 2305 446 2347 ne
468 2282 523 2348 ille
545 2283 636 2348 facili
660 2306 711 2347 me
733 2295 851 2348 utetur.
887 2286 950 2349 870
972 2285 1091 2348 cautim
1117 2298 1149 2348 ct
1172 2281 1330 2369 paulatim

160 2363 293 2466 dabis,
315 2385 344 2448 si
360 2385 476 2472 sapies.
510 2385 574 2450 Ad.
590 2386 653 2450 565
667 2387 847 2451 continebit
862 2386 1006 2474 posthac,
1030 2387 1058 2449 si
1075 2388 1190 2472 sapiet,
1207 2407 1331 2451 uranus.

164 2468 258 2543 454·
286 2484 368 2550 Hcc.
391 2488 442 2549 31.
481 2485 605 2552 Ferner
626 2487 748 2568 solcbe,
771 2512 821 2552 wo
845 2489 903 2552 das
920 2488 1025 2552 Futur
1048 2491 1120 2552 cine
1145 2488 1254 2551 Daner
1277 2485 1332 2550 be-

164 2575 350 2651 zeielanet:
386 2588 514 2652 Phorm.
537 2589 601 2653 359
633 2590 662 2653 si
695 2611 787 2653 erum
814 2589 1019 2654 insimulabis
1054 2589 1214 2671 malitiae,
1250 2588 1334 2651 male

164 2680 313 2753 ⁸¹1dies.
349 2688 414 2754 433
443 2691 472 2753 si
500 2691 712 2755 concordabis
746 2712 820 2756 cum
848 2690 920 2774 illa,
955 2690 1092 2755 habebis
1126 2712 1208 2776 quac
1242 2701 1333 2755 tuam

167 2790 389 2856 senectutcm
412 2789 563 2856 oblectet.
600 2793 664 2856 Ad.
688 2791 759 2861 979.

269 2892 334 2957 Bai
359 2892 513 2958 Lucrez
541 2893 623 2958 fund
646 2892 819 2961 Schroeter
843 2896 881 2958 16
912 2895 1049 2977 Stellen,
1084 2895 1137 2959 die
1166 2895 1246 2958 abcr
1271 2891 1335 2957 allo

174 2990 357 3059 ³¹1tweoer
384 2996 457 3058 eine
485 2995 597 3059 Dauer
623 2995 657 3059 in
686 2996 745 3059 der
773 2997 923 3061 Zukunlt
951 2996 1030 3060 odor
1059 2997 1132 3060 ciac
1156 2995 1335 3077 Handlung

181 3074 275 3157 'th
299 3095 485 3161 bestimmte
508 3097 706 3183 Erwartung
729 3099 786 3162 der
809 3098 985 3183 Erfiillung
1008 3098 1218 3180 bezeichnen,
1244 3121 1272 3160 z.
1297 3096 1335 3159 B.

197 3223 209 3256 ›
244 3194 321 3263 434
347 3198 450 3263 enisi
472 3207 580 3262 tactus
602 3202 665 3264 crit
684 3202 881 3287 -corporis
905 3200 1041 3284 augebit
1062 3222 1238 3264 numerum.
1273 3199 1336 3261 423

194 3283 226 3345 ui
255 3300 328 3364 nisi
342 3301 449 3386 prima
463 3298 546 3363 fides
561 3299 699 3366 fundata
715 3299 845 3378 valebit,
869 3301 955 3366 lrautl
973 3301 1036 3365 crit
1050 3340 1086 3349 -
1101 3324 1164 3388 quo
1181 3323 1335 3386 queamus

202 3390 234 3449 ²1·
280 3401 343 3466 437
365 3403 418 3466 sin
439 3401 586 3466 intactile
606 3404 668 3468 erit
685 3441 723 3450 -
740 3402 800 3468 hoc
822 3404 857 3466 id
880 3404 952 3484 crit,
976 3423 1115 3467 vacuum
1139 3403 1225 3489 quod
1241 3405 1337 3466 inane

208 3502 359 3567 leemas.

272 3602 334 3670 Bai
363 3604 525 3689 Cicero,
554 3610 615 3672 wie
643 3631 678 3674 es
707 3609 849 3692 scheint,
879 3608 969 3697 nicht
996 3606 1098 3692 grade
1126 3605 1239 3690 hitufig
1270 3606 1334 3670 und

223 3704 352 3797 Qialls
377 3708 411 3770 in
440 3707 692 3774 verschiedener
713 3710 923 3795 Bedeutung:
954 3710 1047 3773 Vcrr.
1071 3709 1107 3790 5,
1135 3708 1174 3771 51
1204 3707 1337 3792 quaesi

229 3812 295 3890 les,
317 3808 471 3874 tenebere
495 3819 551 3874 ctt.
585 3835 616 3897 p.
641 3811 769 3876 Cluent.
792 3814 822 3893 o,
848 3812 886 3875 18
910 3813 960 3875 sin
984 3819 1142 3873 crunt-
1164 3807 1336 3872 debebitis.

236 3916 251 3960 '·
280 3931 348 3995 agr.
371 3910 392 3973 2
413 3914 444 3990 ξ.
472 3910 523 3975 16.
557 3935 588 3996 p.
613 3914 706 3980 Caso.
731 3919 760 3995 ξ.
783 3915 825 3979 52
854 3937 959 3979 sermo
986 3951 1022 3959 -
1047 3931 1111 3973 non
1140 3908 1337 3990 cohaerebit,

243 4012 347 4077 verbs
369 4013 529 4078 internos
546 4018 790 4102 aucupabimur.
827 4016 907 4080 Phil.
924 4016 944 4078 2
959 4018 988 4093 ξ.
1003 4014 1045 4077 55
1061 4011 1170 4075 omnia
1186 4009 1337 4095 donique,

250 4123 282 4172 le
302 4125 418 4201 postea
439 4115 580 4180 vidimus
604 4119 694 4181 -si
718 4129 806 4182 recte
829 4115 1107 4194 ratiocinabimur,
1131 4112 1187 4175 uni
1206 4120 1340 4197 accepta

257 4226 373 4282 {remim
396 4216 552 4285 Antonio.
578 4220 632 4284 fin.
660 4223 694 4302 1,
717 4222 738 4283 4
762 4220 947 4285 scribentur
972 4255 1008 4263 -
1033 4217 1061 4278 si
1086 4215 1155 4277 vita
1177 4223 1339 4299 suppetet.

265 4315 490 4401 lsubvenies,
519 4323 622 4386 sime
645 4321 833 4385 haerentem
857 4319 997 4384 videbis.
1032 4316 1087 4379 off.
1115 4317 1123 4377 1
1137 4365 1146 4398 ,
1174 4316 1215 4378 28
1244 4335 1340 4399 quarn

271 4428 375 4507 iuram)
397 4425 426 4488 si
449 4446 622 4511 sequemur
646 4423 772 4504 ducem,
796 4441 962 4506 nunquam
985 4417 1219 4482 aberrabimus.
1248 4415 1291 4478 30
1311 4414 1340 4478 si

279 4534 398 4585 Durare,
412 4536 466 4576 bist.
480 4538 567 4586 synon
582 4535 622 4575 der
636 4537 677 4576 tat.
691 4537 739 4583 spr.
755 4536 786 4576 11.
1158 4524 1190 4569 -11
