2948 4988
560 333 705 396 -425
750 370 788 379 -

142 511 262 567 lteren
276 501 360 566 auch
376 503 410 566 in
426 511 862 585 zusammengesetzter
876 500 1122 587 Tempusform:
1145 499 1244 565 Plin.

149 605 196 685 3,
217 604 247 686 7,
265 606 283 667 1
307 605 474 668 nuntiatus
497 613 547 668 est
561 603 660 669 Silius
677 601 811 666 ltalious
828 638 867 649 —
883 601 992 665 inedia
1006 601 1117 665 finisse
1131 602 1246 670 vitam.

142 716 205 770 st.
230 707 281 789 13,
304 707 325 770 5
345 714 427 769 'curn
454 707 566 769 venire
588 739 627 751 -
651 703 817 767 nuntiatus
840 715 936 767 esset.
979 705 1122 767 Anton.
1143 701 1244 766 Phil.

165 805 282 892 Spart.
305 806 398 872 Clod.
421 806 498 872 Alb.
523 807 563 871 10
584 805 665 871 mihi
687 806 847 869 exanimis
871 827 970 892 prope
992 805 1057 869 iam
1079 804 1246 869 nuntiatus

142 951 151 966 ·
206 907 382 996 Capitol.
405 908 493 973 Max.
515 908 558 972 25
579 930 653 972 eum
676 916 726 971 est
748 907 915 972 nuntiatus
937 909 1162 994 interemptus.

186 1007 359 1076 Ostendor:
403 1007 472 1074 oie.
507 1010 575 1073 inv.
602 1009 633 1088 2,
667 1009 705 1074 17
744 1012 770 1073 si
804 1009 910 1093 turpis
943 1030 1015 1072 esse
1047 1009 1247 1074 ostendetur.

142 1113 253 1176 »ruit
282 1111 326 1176 ad
347 1111 428 1177 Her.
451 1111 484 1194 2,
504 1112 526 1174 4
552 1109 736 1176 ostenditur
757 1110 874 1176 idonea
896 1109 1035 1175 facultas
1059 1133 1132 1175 esse
1153 1133 1248 1198 quae-

142 1225 181 1271 ἢ.
222 1214 336 1278 (laea.
361 1212 392 1278 b.
407 1237 436 1278 o.
458 1214 614 1297 3,105‚5
636 1212 745 1301 palrna
758 1250 800 1260 -
816 1213 984 1277 exstitisse
1006 1211 1247 1279 ostendebatur.

142 1311 217 1387 Qul.
239 1317 324 1403 apol.
347 1337 399 1403 ep.
424 1316 485 1380 102
508 1317 671 1403 appetisse
695 1353 733 1363 -
756 1315 915 1402 repulisse
938 1315 1132 1382 ostenditur.
1260 1312 1265 1319 ’
1316 1394 1318 1399 .

195 1415 376 1483 Perlubeor:
399 1416 468 1482 Cio.
483 1417 581 1482 Tusc.
600 1419 629 1500 1,
649 1418 698 1498 12,
714 1417 756 1480 28
779 1417 885 1480 nuntii
907 1416 1010 1481 fuisse
1026 1414 1247 1502 perhibentur.

142 1510 249 1584 »lun
272 1521 304 1602 3,
326 1520 394 1602 8,3
416 1518 514 1584 India
535 1519 724 1606 perhibetur
745 1516 887 1583 molibus
910 1518 1053 1584 ferarum
1075 1517 1246 1583 mirabilis.

142 1621 367 1705 ret.1,14,9
389 1631 515 1708 patrem
538 1620 700 1702 vinxisse,
725 1642 756 1684 u.
781 1620 874 1683 oster.

198 1721 388 1806 Perspietor:
417 1723 484 1789 Cio.
507 1721 592 1808 legg.
621 1723 650 1804 1,
669 1722 713 1785 24
733 1742 816 1807 quae
838 1725 945 1785 inesse
967 1723 1001 1785 in
1024 1722 1155 1787 homine
1177 1743 1247 1808 per·

142 1823 291 1890 cientur.
328 1825 379 1889 Irn
394 1825 492 1889 Pers
497 1835 576 1889 eet:
599 1823 678 1887 fam.
696 1826 725 1906 1,
742 1824 771 1902 7,
786 1824 806 1887 3
822 1834 1013 1910 perspectus
1036 1835 1087 1889 est
1104 1847 1123 1888 a
1139 1847 1189 1889 me
1207 1861 1247 1872 -

142 1922 257 2000 ritus.

193 2027 334 2095 Postulor
356 2052 419 2094 nur
441 2029 519 2095 cio.
542 2051 573 2114 p.
599 2026 732 2108 Quinot.
755 2019 814 2109 28,'
825 2027 866 2092 86
889 2049 987 2114 quam
1006 2067 1040 2077 -
1066 2029 1150 2094 bona
1173 2050 1246 2115 pos·

146 2131 206 2194 eri
226 2131 477 2218 postularentur.
840 2186 843 2191 .

144 2276 147 2281 -
191 2231 361 2299 Praedioor
390 2257 453 2299 nur
479 2256 512 2317 p.
540 2231 624 2298 Sest.
657 2234 705 2315 17,
727 2233 769 2298 39
798 2233 1031 2298 infestissimus
1064 2255 1137 2298 esse
1164 2234 1246 2299 meis

142 2335 242 2399 tunis
264 2335 526 2423 praedicabatur.

192 2434 362 2503 Prohibeor
383 2438 476 2503 nieht
498 2436 601 2502 selten
624 2437 683 2503 mit
705 2438 844 2502 aetivem
867 2437 1031 2519 Infinitiv,
1060 2437 1139 2502 aher
1161 2437 1247 2502 auoh

142 2538 158 2592 k
188 2540 407 2623 passivam:
432 2540 508 2604 Cio.
532 2539 625 2604 Verr.
649 2539 747 2622 3,62‚
766 2540 826 2603 144
848 2541 1038 2626 sponsiones
1056 2541 1152 2605 -ab
1174 2540 1246 2626 ipso

142 2633 283 2705 »bilitas
304 2641 453 2706 iudicari.
490 2639 531 2704 In
554 2642 613 2706 der
627 2640 726 2705 Form
742 2641 800 2705 des
818 2639 1136 2706 Gerundivums:
1160 2640 1245 2705 Liv.

142 2730 232 2823 28‚l
255 2743 321 2807 iarn
344 2765 380 2807 se
401 2742 443 2806 ad
466 2742 670 2829 prohibenda
692 2743 886 2809 circumdari
911 2764 1009 2830 opera
1023 2743 1131 2829 Aequi
1153 2764 1246 2828 para·

142 2850 195 2908 ³t.
229 2843 281 2925 22,
297 2844 351 2926 60,
367 2845 387 2908 3
410 2866 469 2910 nee
492 2844 711 2930 prohibendos
729 2867 770 2909 ex
785 2847 915 2930 privato
931 2844 1047 2908 redimi
1065 2855 1245 2908 censerent.

192 2942 305 3010 Potor:
328 2946 398 3011 Cio.
420 2946 488 3010 div.
508 2947 539 3029 2,
555 2947 598 3013 43
625 2947 704 3010 luna
725 2945 803 3012 solis
832 2945 954 3011 lumine
977 2945 1161 3011 collustrari
1187 2969 1245 3032 pn-

142 3059 204 3108 ·ur.
245 3047 336 3112 Laol.
363 3048 385 3111 2
412 3048 554 3134 prudens
578 3071 649 3112 esso
677 3048 863 3135 putabatur.
908 3048 993 3133 legg.
1019 3049 1047 3127 1,
1064 3049 1094 3130 7,
1109 3048 1152 3112 23
1175 3047 1247 3133 loge

142 3148 286 3213 nsoeieti
307 3148 455 3215 homines
479 3172 552 3214 oum
574 3150 625 3214 dis
648 3148 785 3235 putandi
809 3172 930 3214 snmus.

194 3247 357 3330 Reperlor:
385 3251 427 3315 de
454 3273 521 3338 rep.
551 3251 639 3331 2,15
665 3253 697 3315 in
727 3250 856 3315 Italiam
883 3250 1089 3336 Pythagoras
1113 3252 1244 3316 venisse

142 3351 272 3423 *ventur
309 3352 406 3417 Tuae.
431 3354 515 3432 1,13
537 3353 676 3440 proleoti
694 3352 727 3415 in
742 3353 867 3418 eaelum
882 3353 1096 3437 reperientur.
1134 3352 1248 3419 Oefter

142 3440 178 3508 uit
194 3451 475 3521 Prtdieatsnomen
497 3455 581 3520 ohne
605 3477 705 3520 esse:
729 3478 759 3541 p.
777 3454 894 3519 Flacco
909 3454 950 3519 38
971 3463 1008 3517 ut
1024 3465 1153 3519 vestrae
1175 3477 1245 3519 sen·

142 3550 232 3619 lutiae
253 3558 375 3644 optimo
399 3558 515 3645 cuique
539 3557 771 3622 infestissimae
784 3591 824 3604 -
837 3557 1053 3644 reperiantur.
1083 3579 1114 3620 n.
1138 3558 1169 3626 d.
1184 3557 1217 3640 2,
1228 3558 1248 3620 3

142 3657 177 3712 lul
196 3677 281 3742 pares
310 3669 369 3724 aut
396 3659 495 3725 etiam
523 3659 693 3724 inferiores
725 3659 930 3744 reperiemur.
976 3659 1068 3722 Brut.
1094 3659 1149 3737 31,
1176 3659 1245 3725 118.

142 3744 204 3820 Eleu
232 3782 267 3824 so
300 3759 390 3825 steht
418 3760 476 3824 der
498 3759 593 3825 Nom.
617 3777 643 3824 o'.
668 3760 728 3824 inf.
751 3760 803 3823 bei
826 3762 982 3824 iuvenior:
1016 3759 1109 3824 Verr.
1132 3760 1162 3838 4,
1181 3762 1246 3842 1,3

142 3873 187 3921 utu
208 3862 291 3949 apud
320 3874 395 3926 tuos
418 3854 636 3926 Mamertinos¹
657 3862 826 3926 inveniare
852 3860 1094 3948 improbissima
1121 3861 1247 3925 ratione

142 3979 184 4025 sse
201 3964 382 4049 praedatus.
426 3987 458 4051 p.
483 3963 610 4029 Cluent.
633 3963 675 4028 64
695 3963 862 4028 invenitur
885 3984 923 4026 ea
944 3959 1070 4025 serrula
1092 3961 1134 4025 ad
1157 3961 1246 4027 Stra-

142 4082 215 4130 ruem
239 4065 439 4153 pervenisse.
484 4064 770 4148 Laet.1‚11,64
797 4063 999 4130 sacrificasse
1024 4063 1245 4150 Iuppiterin·
1365 4090 1368 4095 ·

142 4168 244 4234 nitur.
272 4169 301 4250 1,
317 4166 407 4251 23,2
429 4167 516 4254 qnod
538 4167 701 4253 antiquior
723 4167 825 4231 fuisse
847 4167 1043 4230 inveniatur.

189 4267 302 4335 Sinor:
325 4268 393 4334 Cio.
417 4293 448 4357 p.
465 4270 549 4335 Sest.
566 4270 618 4348 44,
635 4269 677 4334 95
699 4263 854 4334 a'eeusare
876 4260 947 4332 eum
966 4264 1006 4314 -’
1022 4289 1085 4331 non
1101 4272 1145 4333 est
1158 4268 1246 4332 sitae

142 4374 206 4441 lin
225 4370 257 4438 h.
280 4393 313 4436 n.
337 4372 378 4436 14
399 4374 430 4453 ξ.
456 4372 496 4437 10
518 4371 609 4435 exire
631 4371 758 4437 sinitur.
804 4371 899 4436 Eben
922 4392 958 4434 so
982 4369 1034 4434 bei
1057 4367 1247 4433 Columella.

187 4473 334 4542 Trador':
355 4497 387 4561 p.
409 4472 493 4539 Sest.
509 4473 549 4537 67
573 4473 628 4560 qui
650 4472 843 4559 (Aristides)
866 4494 949 4535 unus
971 4471 1113 4535 omnium
1137 4471 1248 4535 iustis·

174 4588 304 4634 numu.
317 4584 372 4626 hist.
385 4585 475 4635 aynau
487 4584 529 4625 der
541 4586 584 4625 lat.
597 4585 646 4633 sps.
660 4585 693 4628 11.
1045 4578 1079 4628 28
