2948 4988
623 346 661 356 -
705 309 853 373 562-

160 477 241 542 oder
267 477 316 541 als
346 477 509 542 Adverb
537 480 596 543 mit
624 478 697 543 dem
728 477 865 543 Ablativ
894 479 982 543 eines
1010 478 1206 543 Zeitmasses
1230 501 1285 543 ver-

164 579 295 643 bunden
318 580 371 644 ist.
409 580 472 643 Die
496 579 607 644 Form
630 580 688 644 des
703 579 901 644 Ausdrucks
924 581 966 645 ist
986 565 1214 645 verschiedeni
1234 590 1283 644 ent-

163 679 276 745 weder
298 681 373 745 sind
390 686 464 763 post
485 680 552 744 und
575 704 672 763 parom
689 682 880 746 verbunden
894 681 977 747 oder
992 682 1040 745 sie
1056 682 1130 746 sind
1145 690 1282 767 getrennt,

162 781 319 846 zuweilen
348 782 436 846 steht
463 780 614 847 letzteres
645 781 743 847 allein
770 783 837 846 und
868 783 921 847 die
951 782 1155 848 Zahlwiirter
1176 783 1281 848 kinnor

164 882 335 948 Ordinalia
356 883 436 948 oder
459 882 648 948 cardinalia
670 887 749 949 sein.

249 985 356 1050 Schon
380 985 424 1048 im
441 984 600 1050 Altlatein
624 985 727 1051 findet
749 987 818 1051 sich
840 986 893 1050 die
908 987 1088 1071 Trennung
1103 987 1279 1052 beiderPu-

162 1086 282 1152 tikeln:
308 1086 406 1151 Cato
428 1109 454 1151 r.
479 1109 504 1151 r.
527 1087 569 1152 65
591 1088 748 1172 postridie
770 1097 827 1151 aut
848 1098 925 1174 post
947 1087 1035 1152 diem
1057 1090 1188 1153 tertium
1208 1110 1278 1175 quan

160 1187 247 1253 lecta
273 1189 346 1252 erit.
398 1187 526 1253 Plaut.
556 1189 675 1274 Amph.
705 1189 767 1254 481
802 1188 885 1254 alter
918 1188 1055 1254 decumo
1088 1199 1165 1276 post
1195 1209 1278 1253 meme

161 1298 313 1354 nascetur
335 1310 416 1375 puer
437 1312 534 1377 quarn
557 1292 759 1354 seminatust.
804 1290 883 1355 Cic.
907 1314 938 1376 p.
961 1290 1031 1356 Mil.
1057 1294 1111 1354 16-
1125 1303 1197 1378 post
1215 1289 1276 1353 dieu
1336 1324 1339 1375 ς

160 1391 291 1457 tertium
321 1402 415 1476 gesta
442 1414 493 1456 res
524 1402 574 1456 est
601 1414 696 1478 quam
728 1392 869 1457 dixerat.
919 1394 988 1456 Der
1016 1392 1212 1477 Conjunotiv
1234 1411 1276 1454 nur
1337 1398 1339 1453 ζ

108 1543 111 1547 .
161 1492 266 1557 durch
293 1494 481 1558 Attraction
511 1493 569 1557 des
597 1494 728 1558 Modus:
758 1493 800 1556 de
827 1516 894 1558 sen.
928 1495 984 1575 12,
1006 1494 1065 1575 42,
1093 1493 1172 1559 oder
1195 1495 1222 1558 in
1242 1493 1276 1554 in·
1337 1532 1339 1537 -

161 1594 302 1659 director
324 1594 425 1658 Rede.
469 1594 556 1658 Liv.
581 1596 611 1675 3,
634 1596 653 1658 8
676 1595 772 1660 tertio
803 1595 857 1660 die
885 1616 984 1681 quam
1012 1595 1223 1680 interregnum
1239 1593 1276 1655 in·

160 1697 261 1778 ierat,
290 1696 440 1761 consules
469 1706 568 1760 creat.
618 1698 656 1777 3,
686 1698 725 1760 13
752 1695 839 1760 haud
868 1696 969 1760 multo
993 1708 1183 1783 postquam
1203 1693 1278 1783 pesti-

160 1797 261 1862 lentia
282 1799 316 1862 in
339 1799 421 1862 urbe
442 1799 559 1863 suerat.
604 1800 636 1879 3,
658 1800 700 1862 33
721 1819 806 1861 anno
829 1798 1058 1862 trecentesimo
1081 1796 1181 1862 altero
1201 1812 1281 1883 quam

160 1901 293 1965 condita
315 1900 419 1964 Roma
449 1910 533 1983 erat,
562 1902 679 1965 iterum
706 1909 851 1963 mutatur
878 1897 982 1963 forma
1012 1898 1165 1964 civitatis.
1204 1897 1286 1961 tuen

161 2024 196 2066 so
218 2002 250 2085 4,
273 2004 348 2079 1,1.
371 2003 402 2085 4,
424 2002 464 2064 47
488 2001 631 2067 dictator
652 2001 705 2066 die
727 2011 843 2066 octavo
867 2022 964 2086 quam
986 2011 1115 2065 creatus
1138 2013 1208 2077 erat,
1225 2015 1289 2061 rua·

161 2105 302 2188 gistratu
325 2125 360 2167 se
382 2102 560 2168 abdicavit.
598 2106 627 2181 6,
643 2104 685 2168 29
708 2103 760 2167 dic
782 2102 939 2168 vicesimo
962 2124 1059 2188 quam
1082 2102 1295 2168 creuissent,

163 2208 328 2283 dictatura
350 2227 386 2270 11
408 2203 586 2270 abdicavit.
623 2205 674 2287 21,
700 2206 739 2269 15
761 2214 877 2269 octavo
900 2225 1012 2267 mense
1035 2226 1134 2290 quam
1154 2183 1297 2290 adeptum

162 2308 356 2394 oppugnari,
383 2316 513 2393 captum
535 2306 719 2391 Saguntum
742 2306 871 2392 quidam
896 2307 1067 2392 scripsere.
1112 2308 1162 2391 23,
1180 2292 1300 2402 30²5]

161 2419 241 2497 quot
268 2419 342 2496 post
368 2409 536 2473 mensibus
564 2429 661 2492 quam
689 2417 805 2493 coepta
833 2406 1016 2494 oppugnari
1045 2418 1126 2476 erat.
1172 2407 1220 2486 25,
1239 2396 1304 2463 3⁶

161 2532 246 2575 anno
269 2520 386 2576 octavo
409 2519 482 2595 post
505 2532 602 2596 quam
625 2521 769 2592 venerat,
793 2518 842 2573 est
862 2510 1065 2573 interfectus.
1102 2509 1154 2592 28,
1174 2492 1304 2589 4121·

160 2614 211 2696 29,
234 2615 286 2696 35,
307 2614 337 2680 5.
371 2614 424 2694 42,
450 2613 497 2691 10,
521 2612 541 2676 6
564 2613 658 2676 annis
681 2633 740 2675 sex
763 2620 955 2696 postquam
978 2621 1127 2676 voverat.
1168 2589 1305 2693 (falech

160 2716 204 2779 ist
227 2715 279 2778 bei
302 2714 477 2780 Hoffmann
502 2714 538 2794 8,
565 2714 616 2792 18,
643 2717 657 2777 1
683 2712 749 2776 und
772 2714 828 2795 25,
854 2714 905 2790 13,
933 2713 996 2796 14.)
1042 2711 1152 2777 Solten
1178 2707 1306 2775 1111β5

160 2816 322 2880 Perfeci
350 2816 393 2878 im
423 2816 625 2880 Ncbensatzz
659 2816 715 2898 21,
744 2816 802 2897 32,
828 2819 840 2878 1
873 2807 981 2878 triduo
1009 2814 1079 2878 sere
1107 2824 1177 2901 post
1200 2811 1306 2898 quai!¹

160 2916 328 2981 Hannibal
352 2939 372 2980 a
393 2918 465 3004 ripa
487 2916 639 2982 Rhodani
661 2919 770 2998 mouit,
797 2917 840 2980 ad
863 2926 970 2980 castra
992 2916 1134 2981 hostium
1157 2906 1306 2978 venera‘·

160 3020 241 3082 Hier
271 3018 352 3082 wird
384 3018 437 3083 die
466 3020 540 3084 Zeit
567 3019 625 3083 des
654 3019 876 3084 Nebensatzes
908 3040 981 3083 vom
1006 3017 1210 3103 St'andpunkt
1229 3008 1308 3073 (1⁶¹

163 3121 363 3205 Gogenwart
385 3144 444 3185 aus
469 3120 658 3203 betrachtet,
681 3121 764 3185 ohne
788 3120 969 3185 Riicksicht
992 3121 1052 3184 auf
1073 3122 1126 3185 die
1148 3119 1214 3182 Zeit
1229 3112 1307 3177 defi

161 3223 395 3287 Nebensatzes.
439 3223 601 3288 Aehnlich
629 3224 685 3286 ist:
714 3224 770 3306 28,
793 3225 829 3299 (i,
855 3225 868 3284 1
900 3222 1086 3308 quadriduo
1110 3232 1182 3308 post
1200 3212 1308 3303 qu211¹

160 3325 301 3411 appulsa
325 3325 439 3390 classis
455 3331 509 3406 est,
532 3325 646 3389 urbem
662 3325 809 3410 aggressi
826 3335 910 3388 sunt.
948 3322 1040 3408 (Vgl.
1064 3333 1161 3387 unten
1176 3315 1309 3386 82th

159 3429 189 3506 3,
217 3426 281 3513 12.)
326 3426 458 3491 Blosses
482 3449 579 3508 qtrum
601 3429 661 3491 mit
688 3428 777 3490 einer
807 3422 1090 3490 Cardinalzahl
1123 3423 1172 3488 bei
1198 3398 1308 3483 vel¹¹

163 3529 194 3610 2,
218 3530 248 3610 4,
271 3531 292 3592 2
315 3532 400 3592 intra
422 3550 543 3593 annum
564 3551 603 3593 ae
626 3530 684 3592 tris
708 3551 835 3593 menses
859 3549 953 3614 quam
978 3547 1016 3591 eo
1040 3537 1181 3589 venerat.

246 3629 320 3693 wie
335 3630 462 3709 Livius,
487 3642 560 3716 sagt
582 3631 663 3694 auch
680 3631 863 3696 Curtius:
887 3630 917 3712 4,
933 3629 963 3707 4,
984 3629 1023 3691 19
1038 3628 1147 3713 Tyrus
1161 3620 1308 3710 septimo

159 3755 269 3796 mense
303 3753 400 3818 quam
427 3734 609 3818 oppugnari
638 3744 755 3819 coepta
782 3742 866 3814 erat,
898 3741 995 3817 capta
1024 3739 1087 3793 est.
1130 3730 1165 3809 1,
1192 3726 1220 3805 6,
1241 3695 1309 3781 26

160 3833 266 3898 XVII
290 3833 344 3898 die
367 3857 465 3919 quam
489 3837 687 3899 munimenta
710 3835 967 3899 excitauerant.
1010 3834 1058 3912 10,
1074 3833 1106 3911 5,
1121 3825 1308 3915 24qui1140¹

159 3947 331 4022 postquam
360 3937 441 4000 mori
469 3946 642 4019 statuerat,
670 3937 722 3999 die
750 3937 896 4000 extincta
921 3944 979 3998 est.
1010 3972 1049 3980 -
1080 3925 1309 4002 verhaltnisfi'

160 4037 283 4122 miissig
305 4037 416 4122 hatufig
441 4038 491 4102 bei
514 4038 655 4125 Nepos:
681 4040 711 4120 3,
738 4041 766 4120 1,
788 4038 809 4101 5
830 4058 905 4100 nam
927 4044 1100 4122 postquam
1118 4033 1232 4098 Xerxes
1248 4021 1310 4085 5¹¹

160 4136 333 4202 Graeciam
357 4140 536 4222 descendit,
559 4150 652 4204 sexto
675 4142 744 4204 fere
766 4161 851 4202 anno
873 4159 969 4224 quam
992 4148 1063 4200 erat
1079 4134 1311 4232 expuleras

159 4242 327 4305 restitutus
356 4252 417 4305 ost.
464 4243 500 4322 3,
524 4243 559 4321 3,
582 4243 602 4306 3
624 4252 698 4326 post
728 4262 848 4306 annum
875 4248 1024 4326 quartum
1048 4260 1145 4325 quam
1171 4235 1310 4299 Theml‘

160 4343 278 4407 stoeles
306 4344 445 4409 Athenis
475 4354 545 4408 eret
573 4344 738 4428 expulsus.
790 4342 883 4406 Eben
912 4363 948 4404 so
975 4342 1007 4425 5,
1028 4341 1060 4424 3,
1082 4341 1112 4405 3.
1149 4316 1309 4416 11153·

164 4445 212 4523 ro,
238 4445 286 4526 10,
309 4445 339 4511 3.
384 4444 447 4511 uu
468 4443 545 4511 Au.
570 4467 756 4511 mensurae:
779 4443 830 4529 22,
852 4443 882 4526 4,
905 4444 936 4506 2,
959 4443 1013 4526 23,
1029 4442 1061 4526 a,
1086 4444 1115 4507 1.
1136 4441 1185 4522 25,
1199 4417 1309 4512 223·
