<?xml version="1.0" encoding="UTF-8"?>
<!DOCTYPE html PUBLIC "-//W3C//DTD XHTML 1.0 Transitional//EN"
    "http://www.w3.org/TR/xhtml1/DTD/xhtml1-transitional.dtd">
<html xmlns="http://www.w3.org/1999/xhtml" xml:lang="en" lang="en">
 <head>
  <title>
</title>
<meta http-equiv="Content-Type" content="text/html;charset=utf-8" />
  <meta name='ocr-system' content='tesseract 3.04.00' />
  <meta name='ocr-capabilities' content='ocr_page ocr_carea ocr_par ocr_line ocrx_word'/>
</head>
<body>
  <div class='ocr_page' id='page_1' title='image "./historischesynt01draegoog/historischesynt01draegoog_0088.png"; bbox 0 0 2948 4988; ppageno 0'>
   <div class='ocr_carea' id='block_1_1' title="bbox 559 321 765 385">
    <p class='ocr_par' dir='ltr' id='par_1_1' title="bbox 559 321 765 385">
     <span class='ocr_line' id='line_1_1' title="bbox 559 321 765 385; baseline 0.005 -18"><span class='ocrx_word' id='word_1_1' title='bbox 559 321 765 385; x_wconf 70' lang='lat'><strong>,73-</strong></span> 
     </span>
    </p>
   </div>
   <div class='ocr_carea' id='block_1_2' title="bbox 75 470 1237 3992">
    <p class='ocr_par' dir='ltr' id='par_1_2' title="bbox 80 470 1237 967">
     <span class='ocr_line' id='line_1_2' title="bbox 175 470 1235 557; baseline 0.005 -22"><span class='ocrx_word' id='word_1_2' title='bbox 175 471 303 552; x_wconf 76' lang='lat' dir='ltr'><strong>Qasoquc</strong></span> <span class='ocrx_word' id='word_1_3' title='bbox 330 491 396 536; x_wconf 78' lang='lat' dir='ltr'><strong>non</strong></span> <span class='ocrx_word' id='word_1_4' title='bbox 424 470 526 536; x_wconf 84' lang='lat' dir='ltr'><strong>findet</strong></span> <span class='ocrx_word' id='word_1_5' title='bbox 553 472 622 537; x_wconf 86' lang='lat' dir='ltr'><strong>sich</strong></span> <span class='ocrx_word' id='word_1_6' title='bbox 651 472 742 538; x_wconf 88' lang='lat' dir='ltr'><strong>nieht</strong></span> <span class='ocrx_word' id='word_1_7' title='bbox 766 495 824 537; x_wconf 83' lang='lat' dir='ltr'><strong>vor</strong></span> <span class='ocrx_word' id='word_1_8' title='bbox 846 474 1013 538; x_wconf 82' lang='lat' dir='ltr'><strong>Cacsar:</strong></span> <span class='ocrx_word' id='word_1_9' title='bbox 1037 475 1067 544; x_wconf 93' lang='lat' dir='ltr'><strong>b.</strong></span> <span class='ocrx_word' id='word_1_10' title='bbox 1090 499 1117 541; x_wconf 92' lang='lat' dir='ltr'><strong>c.</strong></span> <span class='ocrx_word' id='word_1_11' title='bbox 1141 476 1172 557; x_wconf 85' lang='lat'><strong>3,</strong></span> <span class='ocrx_word' id='word_1_12' title='bbox 1194 477 1235 541; x_wconf 78' lang='lat'><strong>37</strong></span> 
     </span>
     <span class='ocr_line' id='line_1_3' title="bbox 87 571 1236 661; baseline 0.004 -25"><span class='ocrx_word' id='word_1_13' title='bbox 87 584 158 637; x_wconf 83' lang='lat' dir='ltr'><strong>turn</strong></span> <span class='ocrx_word' id='word_1_14' title='bbox 181 593 310 659; x_wconf 88' lang='lat' dir='ltr'><strong>quoque</strong></span> <span class='ocrx_word' id='word_1_15' title='bbox 333 573 397 636; x_wconf 87' lang='lat' dir='ltr'><strong>sibi</strong></span> <span class='ocrx_word' id='word_1_16' title='bbox 419 571 637 638; x_wconf 80' lang='lat' dir='ltr'><strong>dubitandum</strong></span> <span class='ocrx_word' id='word_1_17' title='bbox 658 594 720 639; x_wconf 94' lang='lat' dir='ltr'><strong>non</strong></span> <span class='ocrx_word' id='word_1_18' title='bbox 737 576 885 661; x_wconf 76' lang='lat' dir='ltr'><strong>putavit,</strong></span> <span class='ocrx_word' id='word_1_19' title='bbox 908 574 996 641; x_wconf 91' lang='lat' dir='ltr'><strong>daun</strong></span> <span class='ocrx_word' id='word_1_20' title='bbox 1019 575 1072 640; x_wconf 91' lang='lat' dir='ltr'><strong>bei</strong></span> <span class='ocrx_word' id='word_1_21' title='bbox 1094 577 1167 641; x_wconf 87' lang='lat' dir='ltr'><strong>Liv.</strong></span> <span class='ocrx_word' id='word_1_22' title='bbox 1182 577 1236 660; x_wconf 92' lang='grc'><strong>22,</strong></span> 
     </span>
     <span class='ocr_line' id='line_1_4' title="bbox 83 672 1237 762; baseline 0.003 -24"><span class='ocrx_word' id='word_1_23' title='bbox 83 674 140 754; x_wconf 89' lang='grc'><strong>42,</strong></span> <span class='ocrx_word' id='word_1_24' title='bbox 163 673 194 739; x_wconf 91' lang='lat'><strong>8.</strong></span> <span class='ocrx_word' id='word_1_25' title='bbox 219 675 246 751; x_wconf 88' lang='lat'><strong>1,</strong></span> <span class='ocrx_word' id='word_1_26' title='bbox 270 672 323 755; x_wconf 89' lang='grc'><strong>56,</strong></span> <span class='ocrx_word' id='word_1_27' title='bbox 347 672 477 738; x_wconf 86' lang='lat' dir='ltr'><strong>8Bruti</strong></span> <span class='ocrx_word' id='word_1_28' title='bbox 494 696 622 762; x_wconf 90' lang='lat' dir='ltr'><strong>quoque</strong></span> <span class='ocrx_word' id='word_1_29' title='bbox 643 676 734 741; x_wconf 81' lang='lat' dir='ltr'><strong>houd</strong></span> <span class='ocrx_word' id='word_1_30' title='bbox 754 675 870 741; x_wconf 85' lang='lat' dir='ltr'><strong>abnuit</strong></span> <span class='ocrx_word' id='word_1_31' title='bbox 891 699 1091 762; x_wconf 70' lang='lat' dir='ltr'><strong>cognomen,</strong></span> <span class='ocrx_word' id='word_1_32' title='bbox 1114 700 1177 743; x_wconf 82' lang='lat' dir='ltr'><strong>von</strong></span> <span class='ocrx_word' id='word_1_33' title='bbox 1194 677 1237 742; x_wconf 90' lang='lat' dir='ltr'><strong>da</strong></span> 
     </span>
     <span class='ocr_line' id='line_1_5' title="bbox 81 774 1234 862; baseline 0.002 -22"><span class='ocrx_word' id='word_1_34' title='bbox 81 776 131 841; x_wconf 89' lang='lat' dir='ltr'><strong>ab</strong></span> <span class='ocrx_word' id='word_1_35' title='bbox 153 785 219 840; x_wconf 88' lang='lat' dir='ltr'><strong>erst</strong></span> <span class='ocrx_word' id='word_1_36' title='bbox 241 774 364 839; x_wconf 80' lang='lat' dir='ltr'>wieder</span> <span class='ocrx_word' id='word_1_37' title='bbox 387 774 468 857; x_wconf 89' lang='lat' dir='ltr'><strong>(und</strong></span> <span class='ocrx_word' id='word_1_38' title='bbox 497 779 587 840; x_wconf 80' lang='lat' dir='ltr'><strong>zwai</strong></span> <span class='ocrx_word' id='word_1_39' title='bbox 614 799 665 840; x_wconf 84' lang='lat' dir='ltr'><strong>em</strong></span> <span class='ocrx_word' id='word_1_40' title='bbox 695 776 895 862; x_wconf 74' lang='lat' dir='ltr'><strong>hitufigsten)</strong></span> <span class='ocrx_word' id='word_1_41' title='bbox 919 781 970 843; x_wconf 86' lang='lat' dir='ltr'><strong>hei</strong></span> <span class='ocrx_word' id='word_1_42' title='bbox 993 779 1177 844; x_wconf 79' lang='lat' dir='ltr'>Tacitus:</span> <span class='ocrx_word' id='word_1_43' title='bbox 1202 778 1234 842; x_wconf 94' lang='lat' dir='ltr'><strong>h.</strong></span> 
     </span>
     <span class='ocr_line' id='line_1_6' title="bbox 80 877 1236 967; baseline 0 -23"><span class='ocrx_word' id='word_1_44' title='bbox 80 880 118 962; x_wconf 86' lang='lat'><strong>3,</strong></span> <span class='ocrx_word' id='word_1_45' title='bbox 142 878 185 943; x_wconf 86' lang='lat'><strong>63</strong></span> <span class='ocrx_word' id='word_1_46' title='bbox 217 877 250 941; x_wconf 92' lang='lat' dir='ltr'><strong>id</strong></span> <span class='ocrx_word' id='word_1_47' title='bbox 283 898 411 963; x_wconf 91' lang='lat' dir='ltr'><strong>qnoque</strong></span> <span class='ocrx_word' id='word_1_48' title='bbox 443 900 507 942; x_wconf 93' lang='lat' dir='ltr'><strong>non</strong></span> <span class='ocrx_word' id='word_1_49' title='bbox 542 877 613 941; x_wconf 87' lang='lat' dir='ltr'><strong>sine</strong></span> <span class='ocrx_word' id='word_1_50' title='bbox 641 878 768 943; x_wconf 84' lang='lat' dir='ltr'><strong>decore.</strong></span> <span class='ocrx_word' id='word_1_51' title='bbox 813 902 887 947; x_wconf 90' lang='lat' dir='ltr'><strong>ann.</strong></span> <span class='ocrx_word' id='word_1_52' title='bbox 910 880 940 962; x_wconf 89' lang='lat'><strong>3,</strong></span> <span class='ocrx_word' id='word_1_53' title='bbox 962 880 1006 944; x_wconf 84' lang='lat'><strong>54</strong></span> <span class='ocrx_word' id='word_1_54' title='bbox 1027 902 1078 943; x_wconf 90' lang='lat' dir='ltr'><strong>me</strong></span> <span class='ocrx_word' id='word_1_55' title='bbox 1106 902 1236 967; x_wconf 88' lang='lat' dir='ltr'><strong>quoquc</strong></span> 
     </span>
    </p>

    <p class='ocr_par' dir='ltr' id='par_1_3' title="bbox 78 977 1237 1677">
     <span class='ocr_line' id='line_1_7' title="bbox 78 977 1233 1069; baseline 0.003 -25"><span class='ocrx_word' id='word_1_56' title='bbox 78 1001 149 1044; x_wconf 90' lang='lat' dir='ltr'><strong>nou</strong></span> <span class='ocrx_word' id='word_1_57' title='bbox 183 1000 255 1043; x_wconf 86' lang='lat' dir='ltr'><strong>esse</strong></span> <span class='ocrx_word' id='word_1_58' title='bbox 287 977 502 1043; x_wconf 82' lang='lat' dir='ltr'><strong>offensionum</strong></span> <span class='ocrx_word' id='word_1_59' title='bbox 536 978 682 1044; x_wconf 89' lang='lat' dir='ltr'><strong>avidum.</strong></span> <span class='ocrx_word' id='word_1_60' title='bbox 724 981 755 1064; x_wconf 90' lang='grc'><strong>6,</strong></span> <span class='ocrx_word' id='word_1_61' title='bbox 783 981 826 1045; x_wconf 90' lang='grc'><strong>30</strong></span> <span class='ocrx_word' id='word_1_62' title='bbox 856 991 889 1045; x_wconf 85' lang='grc'><strong>01</strong></span> <span class='ocrx_word' id='word_1_63' title='bbox 921 983 1071 1068; x_wconf 87' lang='lat' dir='ltr'><strong>proximo</strong></span> <span class='ocrx_word' id='word_1_64' title='bbox 1106 1004 1233 1069; x_wconf 91' lang='lat' dir='ltr'><strong>quoque</strong></span> 
     </span>
     <span class='ocr_line' id='line_1_8' title="bbox 79 1081 1233 1171; baseline 0.002 -24"><span class='ocrx_word' id='word_1_65' title='bbox 79 1081 247 1147; x_wconf 85' lang='lat' dir='ltr'><strong>exercitui</strong></span> <span class='ocrx_word' id='word_1_66' title='bbox 270 1117 310 1127; x_wconf 93' lang='lat'>—</span> <span class='ocrx_word' id='word_1_67' title='bbox 332 1102 398 1144; x_wconf 91' lang='lat' dir='ltr'><strong>non</strong></span> <span class='ocrx_word' id='word_1_68' title='bbox 425 1081 584 1165; x_wconf 83' lang='lat' dir='ltr'><strong>ingratus.</strong></span> <span class='ocrx_word' id='word_1_69' title='bbox 629 1083 679 1164; x_wconf 88' lang='lat'><strong>14,</strong></span> <span class='ocrx_word' id='word_1_70' title='bbox 702 1083 741 1146; x_wconf 93' lang='grc'><strong>21</strong></span> <span class='ocrx_word' id='word_1_71' title='bbox 771 1084 909 1148; x_wconf 87' lang='lat' dir='ltr'><strong>maiores</strong></span> <span class='ocrx_word' id='word_1_72' title='bbox 940 1105 1068 1171; x_wconf 88' lang='lat' dir='ltr'><strong>qnoque</strong></span> <span class='ocrx_word' id='word_1_73' title='bbox 1090 1104 1153 1148; x_wconf 91' lang='lat' dir='ltr'><strong>non</strong></span> <span class='ocrx_word' id='word_1_74' title='bbox 1174 1085 1233 1149; x_wconf 85' lang='lat' dir='ltr'><strong>ab·</strong></span> 
     </span>
     <span class='ocr_line' id='line_1_9' title="bbox 79 1181 1235 1270; baseline 0.003 -22"><span class='ocrx_word' id='word_1_75' title='bbox 79 1183 245 1248; x_wconf 85' lang='lat' dir='ltr'><strong>horuisse.</strong></span> <span class='ocrx_word' id='word_1_76' title='bbox 288 1181 337 1263; x_wconf 90' lang='grc'><strong>15,</strong></span> <span class='ocrx_word' id='word_1_77' title='bbox 361 1181 403 1246; x_wconf 87' lang='lat'><strong>66</strong></span> <span class='ocrx_word' id='word_1_78' title='bbox 430 1181 580 1247; x_wconf 87' lang='lat' dir='ltr'><strong>militaris</strong></span> <span class='ocrx_word' id='word_1_79' title='bbox 608 1206 736 1270; x_wconf 93' lang='lat' dir='ltr'><strong>quoque</strong></span> <span class='ocrx_word' id='word_1_80' title='bbox 768 1186 963 1269; x_wconf 79' lang='lat' dir='ltr'><strong>conspiratio</strong></span> <span class='ocrx_word' id='word_1_81' title='bbox 995 1207 1060 1250; x_wconf 91' lang='lat' dir='ltr'><strong>non</strong></span> <span class='ocrx_word' id='word_1_82' title='bbox 1082 1184 1235 1251; x_wconf 74' lang='grc'><strong>0111010-</strong></span> 
     </span>
     <span class='ocr_line' id='line_1_10' title="bbox 79 1283 1236 1371; baseline 0.002 -23"><span class='ocrx_word' id='word_1_83' title='bbox 79 1283 182 1349; x_wconf 83' lang='lat' dir='ltr'><strong>sellit.</strong></span> <span class='ocrx_word' id='word_1_84' title='bbox 226 1283 257 1351; x_wconf 92' lang='lat' dir='ltr'><strong>h.</strong></span> <span class='ocrx_word' id='word_1_85' title='bbox 280 1285 310 1366; x_wconf 88' lang='lat'><strong>3,</strong></span> <span class='ocrx_word' id='word_1_86' title='bbox 334 1287 356 1349; x_wconf 84' lang='lat'>4</span> <span class='ocrx_word' id='word_1_87' title='bbox 379 1306 506 1371; x_wconf 90' lang='lat' dir='ltr'><strong>quoque</strong></span> <span class='ocrx_word' id='word_1_88' title='bbox 528 1285 619 1349; x_wconf 81' lang='lat' dir='ltr'><strong>nihil.</strong></span> <span class='ocrx_word' id='word_1_89' title='bbox 664 1284 728 1349; x_wconf 90' lang='lat' dir='ltr'><strong>Die</strong></span> <span class='ocrx_word' id='word_1_90' title='bbox 744 1285 908 1370; x_wconf 79' lang='lat' dir='ltr'><strong>Negation</strong></span> <span class='ocrx_word' id='word_1_91' title='bbox 929 1287 1009 1370; x_wconf 87' lang='lat' dir='ltr'><strong>geht</strong></span> <span class='ocrx_word' id='word_1_92' title='bbox 1030 1285 1236 1352; x_wconf 76' lang='lat' dir='ltr'><strong>naehdritclr·</strong></span> 
     </span>
     <span class='ocr_line' id='line_1_11' title="bbox 78 1386 1237 1474; baseline 0 -24"><span class='ocrx_word' id='word_1_93' title='bbox 78 1386 152 1451; x_wconf 87' lang='lat' dir='ltr'><strong>lich</strong></span> <span class='ocrx_word' id='word_1_94' title='bbox 176 1386 306 1456; x_wconf 79' lang='lat' dir='ltr'><strong>voraut&#39;:</strong></span> <span class='ocrx_word' id='word_1_95' title='bbox 333 1388 383 1468; x_wconf 84' lang='lat'><strong>15,</strong></span> <span class='ocrx_word' id='word_1_96' title='bbox 405 1387 446 1450; x_wconf 81' lang='grc'><strong>57</strong></span> <span class='ocrx_word' id='word_1_97' title='bbox 470 1407 534 1449; x_wconf 93' lang='lat' dir='ltr'><strong>uon</strong></span> <span class='ocrx_word' id='word_1_98' title='bbox 558 1387 644 1450; x_wconf 87' lang='lat' dir='ltr'><strong>enim</strong></span> <span class='ocrx_word' id='word_1_99' title='bbox 667 1386 863 1451; x_wconf 86' lang='lat' dir='ltr'><strong>omittebant</strong></span> <span class='ocrx_word' id='word_1_100' title='bbox 884 1388 1036 1452; x_wconf 88' lang='lat' dir='ltr'><strong>Lucanus</strong></span> <span class='ocrx_word' id='word_1_101' title='bbox 1059 1408 1188 1474; x_wconf 93' lang='lat' dir='ltr'><strong>quoque</strong></span> <span class='ocrx_word' id='word_1_102' title='bbox 1203 1397 1237 1452; x_wconf 91' lang='lat' dir='ltr'><strong>et</strong></span> 
     </span>
     <span class='ocr_line' id='line_1_12' title="bbox 80 1487 1233 1574; baseline -0.001 -21"><span class='ocrx_word' id='word_1_103' title='bbox 80 1489 237 1554; x_wconf 85' lang='lat' dir='ltr'><strong>Senecio.</strong></span> <span class='ocrx_word' id='word_1_104' title='bbox 260 1525 302 1536; x_wconf 95' lang='lat'>-</span> <span class='ocrx_word' id='word_1_105' title='bbox 325 1487 398 1553; x_wconf 89' lang='lat' dir='ltr'><strong>Von</strong></span> <span class='ocrx_word' id='word_1_106' title='bbox 423 1489 582 1574; x_wconf 77' lang='lat' dir='ltr'><strong>Sptiteren</strong></span> <span class='ocrx_word' id='word_1_107' title='bbox 609 1488 653 1552; x_wconf 89' lang='lat' dir='ltr'><strong>ist</strong></span> <span class='ocrx_word' id='word_1_108' title='bbox 682 1488 767 1552; x_wconf 88' lang='lat' dir='ltr'><strong>noch</strong></span> <span class='ocrx_word' id='word_1_109' title='bbox 796 1512 836 1552; x_wconf 83' lang='lat' dir='ltr'><strong>zu</strong></span> <span class='ocrx_word' id='word_1_110' title='bbox 859 1510 1001 1552; x_wconf 89' lang='lat' dir='ltr'><strong>neuneu:</strong></span> <span class='ocrx_word' id='word_1_111' title='bbox 1026 1487 1124 1553; x_wconf 82' lang='lat' dir='ltr'><strong>Gell.</strong></span> <span class='ocrx_word' id='word_1_112' title='bbox 1150 1491 1178 1570; x_wconf 86' lang='lat'><strong>1,</strong></span> <span class='ocrx_word' id='word_1_113' title='bbox 1202 1489 1233 1570; x_wconf 88' lang='lat'><strong>9,</strong></span> 
     </span>
     <span class='ocr_line' id='line_1_13' title="bbox 81 1588 881 1677; baseline 0.001 -24"><span class='ocrx_word' id='word_1_114' title='bbox 81 1591 130 1654; x_wconf 85' lang='lat'><strong>12</strong></span> <span class='ocrx_word' id='word_1_115' title='bbox 151 1589 208 1654; x_wconf 86' lang='lat' dir='ltr'><strong>sed</strong></span> <span class='ocrx_word' id='word_1_116' title='bbox 232 1590 265 1654; x_wconf 94' lang='lat' dir='ltr'><strong>id</strong></span> <span class='ocrx_word' id='word_1_117' title='bbox 289 1611 416 1677; x_wconf 87' lang='lat' dir='ltr'><strong>qnoque</strong></span> <span class='ocrx_word' id='word_1_118' title='bbox 438 1609 503 1652; x_wconf 90' lang='lat' dir='ltr'><strong>non</strong></span> <span class='ocrx_word' id='word_1_119' title='bbox 527 1588 796 1673; x_wconf 87' lang='lat' dir='ltr'><strong>praetereundum</strong></span> <span class='ocrx_word' id='word_1_120' title='bbox 821 1600 881 1655; x_wconf 87' lang='lat' dir='ltr'><strong>est.</strong></span> 
     </span>
    </p>

    <p class='ocr_par' dir='ltr' id='par_1_4' title="bbox 75 1689 1235 2469">
     <span class='ocr_line' id='line_1_14' title="bbox 173 1689 1234 1774; baseline 0 -20"><span class='ocrx_word' id='word_1_121' title='bbox 173 1691 374 1756; x_wconf 88' lang='lat' dir='ltr'><strong>Wesentlich</strong></span> <span class='ocrx_word' id='word_1_122' title='bbox 410 1690 621 1754; x_wconf 86' lang='lat' dir='ltr'><strong>verschieden</strong></span> <span class='ocrx_word' id='word_1_123' title='bbox 649 1689 758 1756; x_wconf 85' lang='lat' dir='ltr'><strong>devon</strong></span> <span class='ocrx_word' id='word_1_124' title='bbox 791 1692 834 1756; x_wconf 91' lang='lat' dir='ltr'><strong>ist</strong></span> <span class='ocrx_word' id='word_1_125' title='bbox 866 1713 932 1756; x_wconf 76' lang='lat' dir='ltr'><strong>ooo</strong></span> <span class='ocrx_word' id='word_1_126' title='bbox 962 1729 998 1738; x_wconf 89' lang='lat'>—</span> <span class='ocrx_word' id='word_1_127' title='bbox 1029 1713 1148 1774; x_wconf 76' lang='lat' dir='ltr'><strong>quoque</strong></span> <span class='ocrx_word' id='word_1_128' title='bbox 1181 1691 1234 1755; x_wconf 88' lang='lat' dir='ltr'><strong>bei</strong></span> 
     </span>
     <span class='ocr_line' id='line_1_15' title="bbox 75 1791 1235 1880; baseline -0.002 -22"><span class='ocrx_word' id='word_1_129' title='bbox 75 1793 155 1858; x_wconf 78' lang='lat' dir='ltr'><strong>Cic.</strong></span> <span class='ocrx_word' id='word_1_130' title='bbox 178 1793 274 1858; x_wconf 84' lang='lat' dir='ltr'><strong>Rosc.</strong></span> <span class='ocrx_word' id='word_1_131' title='bbox 297 1793 438 1875; x_wconf 63' lang='grc'><strong>110132,</strong></span> <span class='ocrx_word' id='word_1_132' title='bbox 455 1792 494 1856; x_wconf 89' lang='lat'><strong>91</strong></span> <span class='ocrx_word' id='word_1_133' title='bbox 513 1791 665 1878; x_wconf 89' lang='lat' dir='ltr'><strong>aquibus</strong></span> <span class='ocrx_word' id='word_1_134' title='bbox 681 1794 781 1857; x_wconf 88' lang='lat' dir='ltr'><strong>miror</strong></span> <span class='ocrx_word' id='word_1_135' title='bbox 800 1831 833 1840; x_wconf 95' lang='lat'><em>-</em></span> <span class='ocrx_word' id='word_1_136' title='bbox 853 1815 916 1857; x_wconf 93' lang='lat' dir='ltr'><strong>non</strong></span> <span class='ocrx_word' id='word_1_137' title='bbox 933 1792 1090 1858; x_wconf 85' lang='lat' dir='ltr'><strong>subsellis</strong></span> <span class='ocrx_word' id='word_1_138' title='bbox 1106 1813 1235 1880; x_wconf 88' lang='lat' dir='ltr'><strong>qnoque</strong></span> 
     </span>
     <span class='ocr_line' id='line_1_16' title="bbox 76 1892 1234 1978; baseline -0.001 -20"><span class='ocrx_word' id='word_1_139' title='bbox 76 1916 159 1958; x_wconf 84' lang='lat' dir='ltr'><strong>esse</strong></span> <span class='ocrx_word' id='word_1_140' title='bbox 181 1894 351 1959; x_wconf 89' lang='lat' dir='ltr'><strong>combusta</strong></span> <span class='ocrx_word' id='word_1_141' title='bbox 373 1893 501 1977; x_wconf 89' lang='lat' dir='ltr'><strong>(„nieht</strong></span> <span class='ocrx_word' id='word_1_142' title='bbox 521 1892 603 1956; x_wconf 82' lang='lat' dir='ltr'><strong>auch</strong></span> <span class='ocrx_word' id='word_1_143' title='bbox 619 1893 703 1956; x_wconf 90' lang='lat' dir='ltr'><strong>noch</strong></span> <span class='ocrx_word' id='word_1_144' title='bbox 720 1893 773 1958; x_wconf 92' lang='lat' dir='ltr'><strong>die</strong></span> <span class='ocrx_word' id='word_1_145' title='bbox 789 1893 952 1978; x_wconf 60' lang='lat' dir='ltr'><strong>Benkee).</strong></span> <span class='ocrx_word' id='word_1_146' title='bbox 990 1893 1029 1958; x_wconf 93' lang='lat' dir='ltr'><strong>In</strong></span> <span class='ocrx_word' id='word_1_147' title='bbox 1045 1894 1234 1959; x_wconf 87' lang='lat' dir='ltr'><strong>demselben</strong></span> 
     </span>
     <span class='ocr_line' id='line_1_17' title="bbox 76 1993 1233 2083; baseline 0 -23"><span class='ocrx_word' id='word_1_148' title='bbox 76 1996 201 2062; x_wconf 88' lang='lat' dir='ltr'><strong>Siune:</strong></span> <span class='ocrx_word' id='word_1_149' title='bbox 226 1993 267 2059; x_wconf 90' lang='lat' dir='ltr'><strong>de</strong></span> <span class='ocrx_word' id='word_1_150' title='bbox 290 2017 336 2059; x_wconf 91' lang='lat' dir='ltr'><strong>or.</strong></span> <span class='ocrx_word' id='word_1_151' title='bbox 360 1995 390 2077; x_wconf 93' lang='grc'><strong>2,</strong></span> <span class='ocrx_word' id='word_1_152' title='bbox 413 1994 454 2083; x_wconf 88' lang='grc'><strong>56</strong></span> <span class='ocrx_word' id='word_1_153' title='bbox 476 1993 558 2059; x_wconf 92' lang='lat' dir='ltr'><strong>illud</strong></span> <span class='ocrx_word' id='word_1_154' title='bbox 580 1993 710 2080; x_wconf 87' lang='lat' dir='ltr'><strong>quidem</strong></span> <span class='ocrx_word' id='word_1_155' title='bbox 734 1995 877 2060; x_wconf 90' lang='lat' dir='ltr'><strong>admiror</strong></span> <span class='ocrx_word' id='word_1_156' title='bbox 899 2004 932 2061; x_wconf 87' lang='lat' dir='ltr'><strong>te</strong></span> <span class='ocrx_word' id='word_1_157' title='bbox 954 1997 1048 2061; x_wconf 87' lang='lat' dir='ltr'><strong>nobis</strong></span> <span class='ocrx_word' id='word_1_158' title='bbox 1070 1998 1104 2060; x_wconf 93' lang='lat' dir='ltr'><strong>in</strong></span> <span class='ocrx_word' id='word_1_159' title='bbox 1126 2018 1164 2061; x_wconf 92' lang='lat' dir='ltr'><strong>eo</strong></span> <span class='ocrx_word' id='word_1_160' title='bbox 1178 2016 1233 2082; x_wconf 78' lang='lat' dir='ltr'><strong>ge</strong></span> 
     </span>
     <span class='ocr_line' id='line_1_18' title="bbox 77 2090 1234 2184; baseline -0.002 -22"><span class='ocrx_word' id='word_1_161' title='bbox 77 2090 166 2162; x_wconf 87' lang='lat' dir='ltr'><strong>nere</strong></span> <span class='ocrx_word' id='word_1_162' title='bbox 188 2096 343 2161; x_wconf 87' lang='lat' dir='ltr'><strong>tribuisse</strong></span> <span class='ocrx_word' id='word_1_163' title='bbox 373 2105 497 2160; x_wconf 85' lang='lat' dir='ltr'><strong>tantum</strong></span> <span class='ocrx_word' id='word_1_164' title='bbox 530 2105 562 2159; x_wconf 88' lang='lat' dir='ltr'><strong>et</strong></span> <span class='ocrx_word' id='word_1_165' title='bbox 593 2118 659 2160; x_wconf 89' lang='lat' dir='ltr'><strong>non</strong></span> <span class='ocrx_word' id='word_1_166' title='bbox 687 2098 783 2161; x_wconf 89' lang='lat' dir='ltr'><strong>huius</strong></span> <span class='ocrx_word' id='word_1_167' title='bbox 806 2119 934 2184; x_wconf 88' lang='lat' dir='ltr'><strong>quoque</strong></span> <span class='ocrx_word' id='word_1_168' title='bbox 955 2098 1003 2161; x_wconf 90' lang='lat' dir='ltr'><strong>rei</strong></span> <span class='ocrx_word' id='word_1_169' title='bbox 1024 2097 1169 2184; x_wconf 78' lang='lat' dir='ltr'><strong>palmam</strong></span> <span class='ocrx_word' id='word_1_170' title='bbox 1194 2133 1234 2146; x_wconf 89' lang='lat'>—</span> 
     </span>
     <span class='ocr_line' id='line_1_19' title="bbox 77 2197 1233 2287; baseline -0.002 -23"><span class='ocrx_word' id='word_1_171' title='bbox 77 2200 207 2276; x_wconf 83' lang='lat' dir='ltr'><strong>Crasso</strong></span> <span class='ocrx_word' id='word_1_172' title='bbox 229 2197 395 2263; x_wconf 88' lang='lat' dir='ltr'><strong>detulisse.</strong></span> <span class='ocrx_word' id='word_1_173' title='bbox 439 2197 525 2261; x_wconf 88' lang='lat' dir='ltr'><strong>Liv.</strong></span> <span class='ocrx_word' id='word_1_174' title='bbox 548 2198 579 2280; x_wconf 86' lang='grc'><strong>4,</strong></span> <span class='ocrx_word' id='word_1_175' title='bbox 600 2199 630 2279; x_wconf 93' lang='lat'><strong>3,</strong></span> <span class='ocrx_word' id='word_1_176' title='bbox 655 2199 672 2262; x_wconf 79' lang='lat'><strong>7</strong></span> <span class='ocrx_word' id='word_1_177' title='bbox 697 2207 730 2263; x_wconf 88' lang='lat' dir='ltr'><strong>et</strong></span> <span class='ocrx_word' id='word_1_178' title='bbox 755 2222 821 2264; x_wconf 91' lang='lat' dir='ltr'><strong>non</strong></span> <span class='ocrx_word' id='word_1_179' title='bbox 842 2199 1043 2285; x_wconf 80' lang='lat' dir='ltr'><strong>praeciditur</strong></span> <span class='ocrx_word' id='word_1_180' title='bbox 1070 2222 1144 2287; x_wconf 90' lang='lat' dir='ltr'><strong>spes</strong></span> <span class='ocrx_word' id='word_1_181' title='bbox 1167 2197 1233 2285; x_wconf 87' lang='lat' dir='ltr'><strong>ple-</strong></span> 
     </span>
     <span class='ocr_line' id='line_1_20' title="bbox 75 2298 1230 2387; baseline -0.003 -20"><span class='ocrx_word' id='word_1_182' title='bbox 75 2301 160 2368; x_wconf 87' lang='lat' dir='ltr'><strong>beio</strong></span> <span class='ocrx_word' id='word_1_183' title='bbox 183 2322 319 2387; x_wconf 89' lang='lat' dir='ltr'><strong>qnoque.</strong></span> <span class='ocrx_word' id='word_1_184' title='bbox 364 2299 453 2363; x_wconf 80' lang='lat' dir='ltr'><strong>Tac.</strong></span> <span class='ocrx_word' id='word_1_185' title='bbox 486 2298 561 2364; x_wconf 70' lang='lat' dir='ltr'><strong>sn&#39;u.</strong></span> <span class='ocrx_word' id='word_1_186' title='bbox 594 2301 624 2384; x_wconf 88' lang='lat'><strong>3,</strong></span> <span class='ocrx_word' id='word_1_187' title='bbox 649 2299 691 2364; x_wconf 81' lang='lat'><strong>20</strong></span> <span class='ocrx_word' id='word_1_188' title='bbox 718 2301 806 2386; x_wconf 91' lang='lat' dir='ltr'><strong>quod</strong></span> <span class='ocrx_word' id='word_1_189' title='bbox 839 2322 904 2365; x_wconf 92' lang='lat' dir='ltr'><strong>non</strong></span> <span class='ocrx_word' id='word_1_190' title='bbox 939 2322 1008 2365; x_wconf 85' lang='lat' dir='ltr'><strong>earn</strong></span> <span class='ocrx_word' id='word_1_191' title='bbox 1040 2322 1168 2387; x_wconf 92' lang='lat' dir='ltr'><strong>quoque</strong></span> <span class='ocrx_word' id='word_1_192' title='bbox 1192 2338 1230 2347; x_wconf 87' lang='lat'>—</span> 
     </span>
     <span class='ocr_line' id='line_1_21' title="bbox 76 2402 266 2469; baseline 0 0"><span class='ocrx_word' id='word_1_193' title='bbox 76 2402 266 2469; x_wconf 76' lang='lat' dir='ltr'><strong>tribuisset.</strong></span> 
     </span>
    </p>

    <p class='ocr_par' dir='ltr' id='par_1_5' title="bbox 77 2501 1234 3604">
     <span class='ocr_line' id='line_1_22' title="bbox 169 2501 1234 2594; baseline -0.001 -26"><span class='ocrx_word' id='word_1_194' title='bbox 169 2504 200 2568; x_wconf 89' lang='lat'><strong>3.</strong></span> <span class='ocrx_word' id='word_1_195' title='bbox 234 2503 362 2586; x_wconf 87' lang='lat' dir='ltr'><strong>Wegen</strong></span> <span class='ocrx_word' id='word_1_196' title='bbox 379 2501 465 2567; x_wconf 86' lang='lat' dir='ltr'><strong>ihrer</strong></span> <span class='ocrx_word' id='word_1_197' title='bbox 486 2502 740 2594; x_wconf 83' lang='lat' dir='ltr'><strong>verschiedenen</strong></span> <span class='ocrx_word' id='word_1_198' title='bbox 757 2502 952 2589; x_wconf 87' lang='lat' dir='ltr'><strong>Bedcutung</strong></span> <span class='ocrx_word' id='word_1_199' title='bbox 967 2504 1098 2568; x_wconf 78' lang='lat' dir='ltr'><strong>kdnneu</strong></span> <span class='ocrx_word' id='word_1_200' title='bbox 1115 2523 1234 2585; x_wconf 76' lang='lat' dir='ltr'><strong>quoquc</strong></span> 
     </span>
     <span class='ocr_line' id='line_1_23' title="bbox 79 2603 1231 2688; baseline -0.003 -17"><span class='ocrx_word' id='word_1_201' title='bbox 79 2605 153 2671; x_wconf 91' lang='lat' dir='ltr'><strong>und</strong></span> <span class='ocrx_word' id='word_1_202' title='bbox 178 2608 273 2670; x_wconf 80' lang='lat' dir='ltr'><strong>etiam</strong></span> <span class='ocrx_word' id='word_1_203' title='bbox 295 2607 327 2667; x_wconf 90' lang='lat' dir='ltr'><strong>in</strong></span> <span class='ocrx_word' id='word_1_204' title='bbox 351 2603 538 2668; x_wconf 85' lang='lat' dir='ltr'><strong>demselben</strong></span> <span class='ocrx_word' id='word_1_205' title='bbox 562 2604 658 2669; x_wconf 84' lang='lat' dir='ltr'><strong>Satze</strong></span> <span class='ocrx_word' id='word_1_206' title='bbox 688 2606 813 2688; x_wconf 87' lang='lat' dir='ltr'><strong>slehen,</strong></span> <span class='ocrx_word' id='word_1_207' title='bbox 838 2605 923 2670; x_wconf 90' lang='lat' dir='ltr'><strong>doch</strong></span> <span class='ocrx_word' id='word_1_208' title='bbox 944 2603 1047 2668; x_wconf 88' lang='lat' dir='ltr'><strong>findet</strong></span> <span class='ocrx_word' id='word_1_209' title='bbox 1069 2604 1136 2668; x_wconf 89' lang='lat' dir='ltr'><strong>sich</strong></span> <span class='ocrx_word' id='word_1_210' title='bbox 1161 2603 1231 2667; x_wconf 88' lang='lat' dir='ltr'><strong>dies</strong></span> 
     </span>
     <span class='ocr_line' id='line_1_24' title="bbox 78 2703 1231 2784; baseline -0.005 -11"><span class='ocrx_word' id='word_1_211' title='bbox 78 2730 148 2773; x_wconf 88' lang='lat' dir='ltr'><strong>nur</strong></span> <span class='ocrx_word' id='word_1_212' title='bbox 172 2707 224 2771; x_wconf 91' lang='lat' dir='ltr'><strong>hei</strong></span> <span class='ocrx_word' id='word_1_213' title='bbox 247 2705 311 2769; x_wconf 89' lang='lat' dir='ltr'><strong>deu</strong></span> <span class='ocrx_word' id='word_1_214' title='bbox 333 2704 525 2784; x_wconf 86' lang='lat' dir='ltr'><strong>Komikern,</strong></span> <span class='ocrx_word' id='word_1_215' title='bbox 549 2705 674 2770; x_wconf 79' lang='lat' dir='ltr'><strong>Luerez</strong></span> <span class='ocrx_word' id='word_1_216' title='bbox 699 2705 765 2771; x_wconf 91' lang='lat' dir='ltr'><strong>und</strong></span> <span class='ocrx_word' id='word_1_217' title='bbox 788 2707 863 2771; x_wconf 88' lang='lat' dir='ltr'><strong>sehr</strong></span> <span class='ocrx_word' id='word_1_218' title='bbox 886 2704 988 2771; x_wconf 90' lang='lat' dir='ltr'><strong>selten</strong></span> <span class='ocrx_word' id='word_1_219' title='bbox 1011 2706 1046 2769; x_wconf 92' lang='lat' dir='ltr'><strong>in</strong></span> <span class='ocrx_word' id='word_1_220' title='bbox 1060 2703 1231 2770; x_wconf 85' lang='lat' dir='ltr'><strong>nachklas·</strong></span> 
     </span>
     <span class='ocr_line' id='line_1_25' title="bbox 77 2805 1231 2874; baseline -0.005 0"><span class='ocrx_word' id='word_1_221' title='bbox 77 2809 209 2874; x_wconf 88' lang='lat' dir='ltr'><strong>sischer</strong></span> <span class='ocrx_word' id='word_1_222' title='bbox 231 2808 343 2873; x_wconf 88' lang='lat' dir='ltr'><strong>Prosa.</strong></span> <span class='ocrx_word' id='word_1_223' title='bbox 392 2805 584 2871; x_wconf 88' lang='lat' dir='ltr'><strong>Zahlreiehe</strong></span> <span class='ocrx_word' id='word_1_224' title='bbox 601 2807 732 2873; x_wconf 82' lang='lat' dir='ltr'><strong>Stellen</strong></span> <span class='ocrx_word' id='word_1_225' title='bbox 760 2830 818 2872; x_wconf 81' lang='lat' dir='ltr'><strong>sus</strong></span> <span class='ocrx_word' id='word_1_226' title='bbox 848 2807 981 2872; x_wconf 87' lang='lat' dir='ltr'><strong>Plautus</strong></span> <span class='ocrx_word' id='word_1_227' title='bbox 1008 2808 1075 2871; x_wconf 91' lang='lat' dir='ltr'><strong>und</strong></span> <span class='ocrx_word' id='word_1_228' title='bbox 1105 2807 1231 2870; x_wconf 81' lang='lat' dir='ltr'><strong>&#39;lerenz</strong></span> 
     </span>
     <span class='ocr_line' id='line_1_26' title="bbox 78 2905 1231 2995; baseline -0.001 -22"><span class='ocrx_word' id='word_1_229' title='bbox 78 2909 177 2995; x_wconf 85' lang='lat' dir='ltr'><strong>giebt</strong></span> <span class='ocrx_word' id='word_1_230' title='bbox 204 2907 323 2973; x_wconf 84' lang='lat' dir='ltr'><strong>Holtze</strong></span> <span class='ocrx_word' id='word_1_231' title='bbox 352 2905 485 2991; x_wconf 85' lang='lat'><strong>11,340</strong></span> <span class='ocrx_word' id='word_1_232' title='bbox 510 2908 557 2993; x_wconf 84' lang='lat' dir='ltr'><strong>fg.</strong></span> <span class='ocrx_word' id='word_1_233' title='bbox 587 2910 652 2974; x_wconf 91' lang='lat' dir='ltr'><strong>und</strong></span> <span class='ocrx_word' id='word_1_234' title='bbox 683 2933 770 2975; x_wconf 83' lang='lat' dir='ltr'><strong>zwar</strong></span> <span class='ocrx_word' id='word_1_235' title='bbox 797 2910 884 2976; x_wconf 87' lang='lat' dir='ltr'><strong>steht</strong></span> <span class='ocrx_word' id='word_1_236' title='bbox 918 2909 1084 2974; x_wconf 84' lang='lat' dir='ltr'><strong>ontweder</strong></span> <span class='ocrx_word' id='word_1_237' title='bbox 1111 2928 1231 2990; x_wconf 78' lang='lat' dir='ltr'><strong>quoque</strong></span> 
     </span>
     <span class='ocr_line' id='line_1_27' title="bbox 78 3009 1230 3096; baseline -0.005 -18"><span class='ocrx_word' id='word_1_238' title='bbox 78 3013 181 3077; x_wconf 76' lang='lat' dir='ltr'><strong>etiam</strong></span> <span class='ocrx_word' id='word_1_239' title='bbox 203 3018 400 3096; x_wconf 86' lang='lat' dir='ltr'><strong>nngctrennt</strong></span> <span class='ocrx_word' id='word_1_240' title='bbox 421 3009 500 3075; x_wconf 90' lang='lat' dir='ltr'><strong>oder</strong></span> <span class='ocrx_word' id='word_1_241' title='bbox 523 3033 556 3074; x_wconf 88' lang='lat' dir='ltr'><strong>es</strong></span> <span class='ocrx_word' id='word_1_242' title='bbox 579 3011 657 3095; x_wconf 85' lang='lat' dir='ltr'><strong>geht</strong></span> <span class='ocrx_word' id='word_1_243' title='bbox 672 3015 767 3077; x_wconf 81' lang='lat' dir='ltr'><strong>etium</strong></span> <span class='ocrx_word' id='word_1_244' title='bbox 790 3011 909 3076; x_wconf 85' lang='lat' dir='ltr'><strong>vorans</strong></span> <span class='ocrx_word' id='word_1_245' title='bbox 925 3010 992 3075; x_wconf 91' lang='lat' dir='ltr'><strong>und</strong></span> <span class='ocrx_word' id='word_1_246' title='bbox 1015 3032 1049 3073; x_wconf 87' lang='lat' dir='ltr'><strong>es</strong></span> <span class='ocrx_word' id='word_1_247' title='bbox 1072 3010 1156 3094; x_wconf 83' lang='lat' dir='ltr'><strong>folgt</strong></span> <span class='ocrx_word' id='word_1_248' title='bbox 1178 3010 1230 3072; x_wconf 92' lang='lat' dir='ltr'><strong>ein</strong></span> 
     </span>
     <span class='ocr_line' id='line_1_28' title="bbox 80 3108 1227 3195; baseline -0.002 -20"><span class='ocrx_word' id='word_1_249' title='bbox 80 3111 196 3191; x_wconf 80' lang='lat' dir='ltr'><strong>west,</strong></span> <span class='ocrx_word' id='word_1_250' title='bbox 219 3135 261 3178; x_wconf 88' lang='lat' dir='ltr'><strong>an</strong></span> <span class='ocrx_word' id='word_1_251' title='bbox 287 3108 425 3175; x_wconf 86' lang='lat' dir='ltr'><strong>welches</strong></span> <span class='ocrx_word' id='word_1_252' title='bbox 457 3113 526 3176; x_wconf 92' lang='lat' dir='ltr'><strong>sich</strong></span> <span class='ocrx_word' id='word_1_253' title='bbox 555 3113 642 3176; x_wconf 88' lang='lat' dir='ltr'><strong>daun</strong></span> <span class='ocrx_word' id='word_1_254' title='bbox 670 3134 790 3195; x_wconf 74' lang='lat' dir='ltr'><strong>quoqrrc</strong></span> <span class='ocrx_word' id='word_1_255' title='bbox 816 3111 1021 3177; x_wconf 85' lang='lat' dir='ltr'><strong>ansehliesst.</strong></span> <span class='ocrx_word' id='word_1_256' title='bbox 1053 3149 1084 3158; x_wconf 94' lang='lat'><em>-</em></span> <span class='ocrx_word' id='word_1_257' title='bbox 1112 3110 1227 3174; x_wconf 88' lang='lat' dir='ltr'><strong>Lucr.</strong></span> 
     </span>
     <span class='ocr_line' id='line_1_29' title="bbox 79 3212 1228 3299; baseline -0.005 -20"><span class='ocrx_word' id='word_1_258' title='bbox 79 3216 113 3293; x_wconf 89' lang='grc'><strong>5,</strong></span> <span class='ocrx_word' id='word_1_259' title='bbox 135 3213 199 3278; x_wconf 85' lang='grc'><strong>518</strong></span> <span class='ocrx_word' id='word_1_260' title='bbox 233 3222 282 3278; x_wconf 87' lang='lat' dir='ltr'><strong>est</strong></span> <span class='ocrx_word' id='word_1_261' title='bbox 312 3213 411 3276; x_wconf 88' lang='lat' dir='ltr'><strong>ctiam</strong></span> <span class='ocrx_word' id='word_1_262' title='bbox 444 3235 572 3299; x_wconf 89' lang='lat' dir='ltr'><strong>quoque</strong></span> <span class='ocrx_word' id='word_1_263' title='bbox 604 3213 790 3290; x_wconf 85' lang='lat' dir='ltr'><strong>(euffallend</strong></span> <span class='ocrx_word' id='word_1_264' title='bbox 824 3236 939 3299; x_wconf 83' lang='lat' dir='ltr'><strong>wegen</strong></span> <span class='ocrx_word' id='word_1_265' title='bbox 966 3212 1026 3277; x_wconf 92' lang='lat' dir='ltr'><strong>der</strong></span> <span class='ocrx_word' id='word_1_266' title='bbox 1053 3212 1228 3295; x_wconf 85' lang='lat' dir='ltr'><strong>Stelluug).</strong></span> 
     </span>
     <span class='ocr_line' id='line_1_30' title="bbox 86 3306 1227 3401; baseline -0.004 -21"><span class='ocrx_word' id='word_1_267' title='bbox 86 3318 157 3380; x_wconf 80' lang='lat' dir='ltr'><strong>llus</strong></span> <span class='ocrx_word' id='word_1_268' title='bbox 179 3323 328 3401; x_wconf 71' lang='lat' dir='ltr'><strong>ephterer</strong></span> <span class='ocrx_word' id='word_1_269' title='bbox 350 3313 423 3379; x_wconf 87' lang='lat' dir='ltr'><strong>Zeit</strong></span> <span class='ocrx_word' id='word_1_270' title='bbox 445 3314 553 3379; x_wconf 88' lang='lat' dir='ltr'><strong>kenne</strong></span> <span class='ocrx_word' id='word_1_271' title='bbox 586 3315 639 3379; x_wconf 93' lang='lat' dir='ltr'><strong>ich</strong></span> <span class='ocrx_word' id='word_1_272' title='bbox 668 3338 730 3379; x_wconf 92' lang='lat' dir='ltr'><strong>nur</strong></span> <span class='ocrx_word' id='word_1_273' title='bbox 753 3315 853 3381; x_wconf 87' lang='lat' dir='ltr'><strong>Plin.</strong></span> <span class='ocrx_word' id='word_1_274' title='bbox 884 3315 926 3379; x_wconf 90' lang='lat' dir='ltr'><strong>ad</strong></span> <span class='ocrx_word' id='word_1_275' title='bbox 949 3315 1079 3380; x_wconf 83' lang='lat' dir='ltr'><strong>Traian.</strong></span> <span class='ocrx_word' id='word_1_276' title='bbox 1106 3306 1151 3377; x_wconf 78' lang='lat'><strong>96</strong></span> <span class='ocrx_word' id='word_1_277' title='bbox 1175 3312 1227 3394; x_wconf 79' lang='lat'><strong>(97</strong></span> 
     </span>
     <span class='ocr_line' id='line_1_31' title="bbox 86 3414 1229 3503; baseline -0.003 -23"><span class='ocrx_word' id='word_1_278' title='bbox 86 3414 176 3496; x_wconf 89' lang='lat' dir='ltr'><strong>Keil)</strong></span> <span class='ocrx_word' id='word_1_279' title='bbox 198 3418 228 3497; x_wconf 66' lang='grc' dir='ltr'><strong>ξ.</strong></span> <span class='ocrx_word' id='word_1_280' title='bbox 251 3417 272 3480; x_wconf 90' lang='grc'><strong>6</strong></span> <span class='ocrx_word' id='word_1_281' title='bbox 294 3414 427 3502; x_wconf 85' lang='lat' dir='ltr'><strong>quidam</strong></span> <span class='ocrx_word' id='word_1_282' title='bbox 455 3427 530 3480; x_wconf 89' lang='lat' dir='ltr'><strong>ante</strong></span> <span class='ocrx_word' id='word_1_283' title='bbox 558 3417 668 3503; x_wconf 86' lang='lat' dir='ltr'><strong>plures</strong></span> <span class='ocrx_word' id='word_1_284' title='bbox 691 3441 807 3501; x_wconf 87' lang='lat' dir='ltr'><strong>annos,</strong></span> <span class='ocrx_word' id='word_1_285' title='bbox 830 3440 894 3483; x_wconf 91' lang='lat' dir='ltr'><strong>non</strong></span> <span class='ocrx_word' id='word_1_286' title='bbox 916 3439 1010 3482; x_wconf 88' lang='lat' dir='ltr'><strong>nemo</strong></span> <span class='ocrx_word' id='word_1_287' title='bbox 1034 3416 1130 3480; x_wconf 88' lang='lat' dir='ltr'><strong>etiarn</strong></span> <span class='ocrx_word' id='word_1_288' title='bbox 1153 3424 1229 3478; x_wconf 91' lang='lat' dir='ltr'><strong>ante</strong></span> 
     </span>
     <span class='ocr_line' id='line_1_32' title="bbox 89 3516 363 3604; baseline 0 -24"><span class='ocrx_word' id='word_1_289' title='bbox 89 3516 203 3602; x_wconf 82' lang='lat' dir='ltr'><strong>viginti</strong></span> <span class='ocrx_word' id='word_1_290' title='bbox 226 3538 363 3604; x_wconf 91' lang='lat' dir='ltr'><strong>qnoque.</strong></span> 
     </span>
    </p>

    <p class='ocr_par' dir='ltr' id='par_1_6' title="bbox 98 3619 1228 3992">
     <span class='ocr_line' id='line_1_33' title="bbox 169 3619 1228 3704; baseline 0 -23"><span class='ocrx_word' id='word_1_291' title='bbox 169 3620 199 3681; x_wconf 83' lang='lat'><strong>4.</strong></span> <span class='ocrx_word' id='word_1_292' title='bbox 232 3619 459 3683; x_wconf 85' lang='lat' dir='ltr'><strong>Archaistisch</strong></span> <span class='ocrx_word' id='word_1_293' title='bbox 492 3619 536 3684; x_wconf 89' lang='lat' dir='ltr'><strong>ist</strong></span> <span class='ocrx_word' id='word_1_294' title='bbox 567 3642 606 3686; x_wconf 79' lang='lat' dir='ltr'><strong>oe</strong></span> <span class='ocrx_word' id='word_1_295' title='bbox 629 3659 667 3667; x_wconf 83' lang='lat'><em>-</em></span> <span class='ocrx_word' id='word_1_296' title='bbox 696 3642 815 3704; x_wconf 78' lang='lat' dir='ltr'><strong>quoque</strong></span> <span class='ocrx_word' id='word_1_297' title='bbox 847 3631 925 3686; x_wconf 88' lang='lat' dir='ltr'><strong>statt</strong></span> <span class='ocrx_word' id='word_1_298' title='bbox 952 3642 991 3686; x_wconf 80' lang='lat' dir='ltr'><strong>nc</strong></span> <span class='ocrx_word' id='word_1_299' title='bbox 1021 3659 1057 3666; x_wconf 99' lang='lat'><strong>—</strong></span> <span class='ocrx_word' id='word_1_300' title='bbox 1089 3620 1228 3701; x_wconf 69' lang='lat' dir='ltr'><strong>quidun:</strong></span> 
     </span>
     <span class='ocr_line' id='line_1_34' title="bbox 98 3715 1228 3808; baseline 0 -26"><span class='ocrx_word' id='word_1_301' title='bbox 98 3715 328 3804; x_wconf 82' lang='lat' dir='ltr'><strong>Quadrigarius</strong></span> <span class='ocrx_word' id='word_1_302' title='bbox 352 3743 404 3807; x_wconf 87' lang='lat' dir='ltr'><strong>ap.</strong></span> <span class='ocrx_word' id='word_1_303' title='bbox 428 3720 511 3786; x_wconf 81' lang='lat' dir='ltr'><strong>Gell.</strong></span> <span class='ocrx_word' id='word_1_304' title='bbox 537 3723 585 3804; x_wconf 84' lang='grc'><strong>17,</strong></span> <span class='ocrx_word' id='word_1_305' title='bbox 608 3723 639 3803; x_wconf 94' lang='grc'><strong>2,</strong></span> <span class='ocrx_word' id='word_1_306' title='bbox 665 3723 704 3788; x_wconf 88' lang='lat'><strong>18</strong></span> <span class='ocrx_word' id='word_1_307' title='bbox 734 3745 805 3787; x_wconf 90' lang='lat' dir='ltr'><strong>sese</strong></span> <span class='ocrx_word' id='word_1_308' title='bbox 827 3746 867 3788; x_wconf 87' lang='lat' dir='ltr'><strong>ne</strong></span> <span class='ocrx_word' id='word_1_309' title='bbox 890 3724 922 3787; x_wconf 95' lang='lat' dir='ltr'><strong>id</strong></span> <span class='ocrx_word' id='word_1_310' title='bbox 946 3742 1132 3808; x_wconf 90' lang='lat' dir='ltr'><strong>quoque-</strong></span> <span class='ocrx_word' id='word_1_311' title='bbox 1160 3720 1228 3783; x_wconf 87' lang='lat' dir='ltr'><strong>fse-</strong></span> 
     </span>
     <span class='ocr_line' id='line_1_35' title="bbox 98 3820 1226 3911; baseline -0.002 -27"><span class='ocrx_word' id='word_1_312' title='bbox 98 3827 192 3884; x_wconf 79' lang='lat' dir='ltr'><strong>tuuun</strong></span> <span class='ocrx_word' id='word_1_313' title='bbox 208 3844 288 3904; x_wconf 86' lang='lat' dir='ltr'><strong>esse,</strong></span> <span class='ocrx_word' id='word_1_314' title='bbox 305 3823 454 3888; x_wconf 79' lang='lat' dir='ltr'><strong>wordber</strong></span> <span class='ocrx_word' id='word_1_315' title='bbox 465 3820 592 3887; x_wconf 86' lang='lat' dir='ltr'><strong>Gellius</strong></span> <span class='ocrx_word' id='word_1_316' title='bbox 608 3832 696 3908; x_wconf 86' lang='lat' dir='ltr'><strong>sagt:</strong></span> <span class='ocrx_word' id='word_1_317' title='bbox 712 3823 900 3911; x_wconf 83' lang='lat' dir='ltr'><strong>infrequens</strong></span> <span class='ocrx_word' id='word_1_318' title='bbox 912 3847 998 3888; x_wconf 93' lang='lat' dir='ltr'><strong>nunc</strong></span> <span class='ocrx_word' id='word_1_319' title='bbox 1011 3826 1042 3887; x_wconf 91' lang='lat' dir='ltr'><strong>in</strong></span> <span class='ocrx_word' id='word_1_320' title='bbox 1055 3820 1226 3909; x_wconf 90' lang='lat' dir='ltr'><strong>loquendo,</strong></span> 
     </span>
     <span class='ocr_line' id='line_1_36' title="bbox 103 3918 1228 3992; baseline 0.002 -12"><span class='ocrx_word' id='word_1_321' title='bbox 103 3918 199 3984; x_wconf 85' lang='lat' dir='ltr'><strong>sedin</strong></span> <span class='ocrx_word' id='word_1_322' title='bbox 223 3920 315 3986; x_wconf 89' lang='lat' dir='ltr'><strong>libris</strong></span> <span class='ocrx_word' id='word_1_323' title='bbox 340 3931 485 3986; x_wconf 87' lang='lat' dir='ltr'><strong>veterum</strong></span> <span class='ocrx_word' id='word_1_324' title='bbox 498 3924 739 3989; x_wconf 86' lang='lat' dir='ltr'><strong>creberrimum.</strong></span> <span class='ocrx_word' id='word_1_325' title='bbox 768 3926 842 3991; x_wconf 86' lang='lat' dir='ltr'><strong>Von</strong></span> <span class='ocrx_word' id='word_1_326' title='bbox 866 3927 992 3992; x_wconf 86' lang='lat' dir='ltr'><strong>Gellius</strong></span> <span class='ocrx_word' id='word_1_327' title='bbox 1015 3924 1117 3989; x_wconf 81' lang='lat' dir='ltr'><strong>selbot</strong></span> <span class='ocrx_word' id='word_1_328' title='bbox 1132 3919 1228 3986; x_wconf 89' lang='lat' dir='ltr'><strong>nach·</strong></span> 
     </span>
    </p>
   </div>
   <div class='ocr_carea' id='block_1_3' title="bbox 104 4020 1312 4521">
    <p class='ocr_par' dir='ltr' id='par_1_7' title="bbox 104 4020 1226 4213">
     <span class='ocr_line' id='line_1_37' title="bbox 104 4020 1226 4114; baseline 0.001 -31"><span class='ocrx_word' id='word_1_329' title='bbox 104 4020 230 4099; x_wconf 80' lang='lat' dir='ltr'><strong>geahmt:</strong></span> <span class='ocrx_word' id='word_1_330' title='bbox 256 4025 285 4104; x_wconf 93' lang='grc'><strong>1,</strong></span> <span class='ocrx_word' id='word_1_331' title='bbox 309 4022 339 4100; x_wconf 91' lang='grc'><strong>2,</strong></span> <span class='ocrx_word' id='word_1_332' title='bbox 364 4025 385 4088; x_wconf 87' lang='grc'>5</span> <span class='ocrx_word' id='word_1_333' title='bbox 407 4046 445 4088; x_wconf 94' lang='lat' dir='ltr'><strong>ac</strong></span> <span class='ocrx_word' id='word_1_334' title='bbox 473 4047 514 4089; x_wconf 84' lang='lat' dir='ltr'><strong>ne</strong></span> <span class='ocrx_word' id='word_1_335' title='bbox 548 4027 613 4091; x_wconf 90' lang='lat' dir='ltr'><strong>oris</strong></span> <span class='ocrx_word' id='word_1_336' title='bbox 647 4049 774 4114; x_wconf 91' lang='lat' dir='ltr'><strong>quoque</strong></span> <span class='ocrx_word' id='word_1_337' title='bbox 808 4039 840 4092; x_wconf 91' lang='grc'><strong>01</strong></span> <span class='ocrx_word' id='word_1_338' title='bbox 868 4027 979 4092; x_wconf 87' lang='lat' dir='ltr'><strong>vultus</strong></span> <span class='ocrx_word' id='word_1_339' title='bbox 1009 4025 1226 4090; x_wconf 80' lang='lat' dir='ltr'><strong>serenitatem.</strong></span> 
     </span>
     <span class='ocr_line' id='line_1_38' title="bbox 109 4119 653 4213; baseline 0.009 -26"><span class='ocrx_word' id='word_1_340' title='bbox 109 4119 146 4201; x_wconf 87' lang='lat' dir='ltr'><strong>ll,</strong></span> <span class='ocrx_word' id='word_1_341' title='bbox 164 4123 191 4202; x_wconf 88' lang='grc'><strong>5,</strong></span> <span class='ocrx_word' id='word_1_342' title='bbox 212 4125 234 4187; x_wconf 87' lang='grc'>4</span> <span class='ocrx_word' id='word_1_343' title='bbox 254 4147 292 4189; x_wconf 86' lang='lat' dir='ltr'><strong>ac</strong></span> <span class='ocrx_word' id='word_1_344' title='bbox 315 4147 356 4188; x_wconf 90' lang='lat' dir='ltr'><strong>ue</strong></span> <span class='ocrx_word' id='word_1_345' title='bbox 379 4124 493 4190; x_wconf 84' lang='lat' dir='ltr'><strong>videre</strong></span> <span class='ocrx_word' id='word_1_346' title='bbox 515 4150 653 4213; x_wconf 87' lang='lat' dir='ltr'><strong>quoque.</strong></span> 
     </span>
    </p>

    <p class='ocr_par' dir='ltr' id='par_1_8' title="bbox 110 4226 1312 4521">
     <span class='ocr_line' id='line_1_39' title="bbox 173 4226 1226 4315; baseline 0 -25"><span class='ocrx_word' id='word_1_347' title='bbox 173 4227 199 4306; x_wconf 66' lang='grc' dir='ltr'><strong>ξ.</strong></span> <span class='ocrx_word' id='word_1_348' title='bbox 220 4226 291 4290; x_wconf 89' lang='grc'>320.</span> <span class='ocrx_word' id='word_1_349' title='bbox 337 4226 420 4290; x_wconf 88' lang='lat' dir='ltr'><strong>Dern</strong></span> <span class='ocrx_word' id='word_1_350' title='bbox 444 4238 558 4315; x_wconf 70' lang='lat' dir='ltr'><strong>spaten</strong></span> <span class='ocrx_word' id='word_1_351' title='bbox 580 4228 696 4293; x_wconf 87' lang='lat' dir='ltr'><strong>Latcin</strong></span> <span class='ocrx_word' id='word_1_352' title='bbox 718 4231 834 4314; x_wconf 77' lang='lat' dir='ltr'><strong>gehdrt</strong></span> <span class='ocrx_word' id='word_1_353' title='bbox 855 4254 911 4298; x_wconf 85' lang='lat' dir='ltr'><strong>an:</strong></span> <span class='ocrx_word' id='word_1_354' title='bbox 935 4253 973 4296; x_wconf 85' lang='lat' dir='ltr'><strong>oc</strong></span> <span class='ocrx_word' id='word_1_355' title='bbox 993 4252 1032 4295; x_wconf 80' lang='lat' dir='ltr'><strong>nc</strong></span> <span class='ocrx_word' id='word_1_356' title='bbox 1057 4266 1092 4275; x_wconf 89' lang='lat'>-</span> <span class='ocrx_word' id='word_1_357' title='bbox 1116 4226 1226 4290; x_wconf 83' lang='lat' dir='ltr'><strong>sallem</strong></span> 
     </span>
     <span class='ocr_line' id='line_1_40' title="bbox 110 4313 1226 4414; baseline 0.004 -30"><span class='ocrx_word' id='word_1_358' title='bbox 110 4322 183 4394; x_wconf 77' lang='grc'><strong>111111</strong></span> <span class='ocrx_word' id='word_1_359' title='bbox 211 4313 368 4412; x_wconf 79' lang='lat' dir='ltr'><strong>quidem),</strong></span> <span class='ocrx_word' id='word_1_360' title='bbox 401 4329 546 4414; x_wconf 86' lang='lat' dir='ltr'><strong>gebildet</strong></span> <span class='ocrx_word' id='word_1_361' title='bbox 578 4331 662 4395; x_wconf 87' lang='lat' dir='ltr'><strong>nach</strong></span> <span class='ocrx_word' id='word_1_362' title='bbox 695 4353 758 4396; x_wconf 80' lang='lat' dir='ltr'><strong>non</strong></span> <span class='ocrx_word' id='word_1_363' title='bbox 791 4334 900 4397; x_wconf 82' lang='lat' dir='ltr'><strong>saltem</strong></span> <span class='ocrx_word' id='word_1_364' title='bbox 932 4330 1043 4409; x_wconf 89' lang='lat' dir='ltr'><strong>„nieht</strong></span> <span class='ocrx_word' id='word_1_365' title='bbox 1075 4326 1226 4408; x_wconf 83' lang='lat' dir='ltr'><strong>einmal“,</strong></span> 
     </span>
     <span class='ocr_line' id='line_1_41' title="bbox 110 4420 1312 4521; baseline 0.005 -36"><span class='ocrx_word' id='word_1_366' title='bbox 110 4420 225 4491; x_wconf 76' lang='lat' dir='ltr'><strong>welches</strong></span> <span class='ocrx_word' id='word_1_367' title='bbox 246 4429 349 4494; x_wconf 89' lang='lat' dir='ltr'><strong>schon</strong></span> <span class='ocrx_word' id='word_1_368' title='bbox 370 4432 434 4495; x_wconf 90' lang='lat' dir='ltr'><strong>seit</strong></span> <span class='ocrx_word' id='word_1_369' title='bbox 455 4431 571 4498; x_wconf 85' lang='lat' dir='ltr'><strong>Livius</strong></span> <span class='ocrx_word' id='word_1_370' title='bbox 598 4433 795 4501; x_wconf 85' lang='lat' dir='ltr'><strong>vcrkommt.</strong></span> <span class='ocrx_word' id='word_1_371' title='bbox 840 4433 898 4500; x_wconf 88' lang='lat' dir='ltr'><strong>Ich</strong></span> <span class='ocrx_word' id='word_1_372' title='bbox 924 4430 1012 4496; x_wconf 89' lang='lat' dir='ltr'><strong>finde</strong></span> <span class='ocrx_word' id='word_1_373' title='bbox 1030 4433 1125 4521; x_wconf 88' lang='lat' dir='ltr'><strong>jeues</strong></span> <span class='ocrx_word' id='word_1_374' title='bbox 1148 4427 1227 4492; x_wconf 88' lang='lat' dir='ltr'><strong>aber</strong></span> <span class='ocrx_word' id='word_1_375' title='bbox 1305 4498 1312 4515; x_wconf 52' lang='grc'><strong>,</strong></span> 
     </span>
    </p>
   </div>
   <div class='ocr_carea' id='block_1_4' title="bbox 0 0 1478 4988">
    <p class='ocr_par' dir='ltr' id='par_1_9' title="bbox 0 0 1478 4988">
     <span class='ocr_line' id='line_1_42' title="bbox 0 0 1478 4988; baseline 0 0"><span class='ocrx_word' id='word_1_376' title='bbox 0 0 1478 4988; x_wconf 95' lang='lat' dir='ltr'><strong> </strong></span> 
     </span>
    </p>
   </div>
  </div>
 </body>
</html>
