2948 4988
565 310 796 374 -515-

142 463 161 525 l·
190 470 270 543 443
293 479 372 544 dum
389 479 547 545 licitumst
569 481 598 544 ci
621 479 763 566 dumque
779 488 869 544 aetas
885 479 968 557 tulit,
993 482 1127 545 amavit.
1165 479 1247 545 Hec.

142 560 266 642 4(111111
287 583 405 645 aetatis
427 590 556 668 tempus
578 581 664 663 tulit,
687 581 859 667 perfuncta
874 582 954 644 satis
971 603 1053 645 sum.
1091 582 1247 646 8311111111

142 663 277 765 rituum,
306 704 368 746 usa
395 705 476 747 sum.
522 682 601 748 Cic.
624 683 721 748 Roso.
747 686 819 747 Am.
843 682 885 747 25
909 682 985 747 dum
1015 705 1124 746 rerum
1144 686 1249 769 potita

142 770 167 828 1·
195 773 241 846 43
260 782 338 849 dum
361 783 525 868 praesidia
545 782 611 847 ulla
627 784 771 864 fuerunt,
794 785 829 847 in
844 782 955 848 Sullae
977 784 1149 870 praesidiis
1171 785 1246 851 fuit.

142 863 193 938 lll-
217 882 249 962 3,
273 887 327 967 13,
349 886 390 950 33
412 886 495 968 leci,
517 886 596 949 dum
618 885 720 950 licuit.
768 886 821 967 14,
846 885 903 965 12,
926 886 968 950 33
996 884 1074 949 dnm
1102 888 1245 951 vixistis.

142 987 202 1044 ’Μ’-
223 987 256 1068 4,
285 988 306 1052 3
333 1009 410 1052 usus
435 999 485 1052 est
509 1026 546 1035 -
570 987 731 1065 tamdiu,
760 986 838 1051 dum
867 986 993 1052 habuit.
1038 987 1079 1051 de
1102 1009 1170 1052 sen.
1188 990 1245 1068 12,

163 1079 263 1167 (orat.
288 1087 415 1173 india).
460 1090 553 1154 Eben
584 1110 620 1154 so
644 1087 740 1179 [l'usc.
762 1090 799 1170 5,
821 1090 875 1171 33,
897 1088 947 1152 96.
992 1087 1083 1152 Brut.
1106 1091 1159 1166 50,
1186 1091 1245 1155 186

144 1176 210 1252 illi
230 1193 417 1275 viguerunt.
461 1201 529 1278 top.
556 1194 583 1273 1,
606 1191 634 1254 4.
679 1193 749 1254 Att.
774 1192 802 1271 1,
825 1189 877 1272 21,
902 1193 929 1257 l.

192 1291 283 1357 Fehlt
311 1293 364 1356 bei
395 1292 526 1357 Caesar.
571 1293 671 1356 Dann
705 1290 801 1355 Sall.
830 1291 908 1376 Jug.
938 1293 991 1369 14,
1023 1292 1062 1354 10
1089 1292 1166 1357 (111111
1194 1293 1245 1376 (so

142 1395 213 1477 ge)
240 1393 530 1478 Carthaginienses
559 1391 737 1457 incolumes
766 1394 872 1472 fuere,
904 1393 975 1457 iure
1009 1397 1118 1457 omnia
1146 1415 1246 1457 saeva

142 1487 316 1560 iebamur.
340 1494 436 1560 Anch
452 1496 505 1560 bei
519 1495 665 1560 Livius
688 1517 751 1559 nur
773 1496 841 1559 ein
856 1493 941 1558 Mal:
965 1494 1118 1576 21,13,3
1140 1517 1246 1582 neque

142 1611 179 1657 n
202 1597 320 1663 vestris
344 1597 470 1661 viribus
486 1596 654 1661 restitistis
669 1618 774 1683 neque
789 1597 865 1661 dum
889 1594 1013 1659 auxilia
1033 1597 1076 1660 ab
1090 1595 1246 1661 Romanis

142 1701 271 1781 mactis,
294 1699 385 1784 pacis
407 1720 551 1785 uuquam
575 1697 663 1785 apud
685 1718 744 1762 vos
768 1699 963 1762 mentionem
984 1698 1060 1762 feci.

187 1801 275 1866 Tac.
298 1821 372 1864 ann.
398 1804 429 1884 1,
452 1802 474 1864 4
501 1800 580 1865 dum
603 1800 804 1865 sustentavit.
852 1800 901 1881 15,
926 1800 965 1863 61
989 1801 1244 1888 necquicquam

142 1946 148 1958 »
185 1901 312 1967 fidelior
334 1899 475 1966 militum
497 1902 570 1984 luit,
594 1901 672 1966 dum
695 1901 798 1964 amari
821 1901 979 1965 meruisti.

186 2002 313 2089 Nepos
336 2003 388 2084 21,
411 2002 442 2084 2,
465 2002 486 2067 2
508 2002 586 2068 dnm
608 2004 643 2067 id
667 2002 793 2067 studuit
813 2003 958 2085 munire,
986 2001 1108 2069 nullius
1131 2027 1242 2091 peper-

159 2106 265 2173 vitae.

185 2229 210 2271 e.
232 2205 432 2271 Futurum
454 2205 486 2272 1:
509 2206 639 2270 Plaut.
662 2204 782 2269 Bacch.
804 2206 868 2270 225
890 2228 954 2270 non
976 2216 1084 2271 metuo
1106 2206 1186 2271 mihi
1203 2246 1241 2256 -

142 2324 176 2370 n
199 2308 333 2396 quidem
356 2308 418 2372 hoc
440 2307 563 2372 valebit
585 2316 709 2394 pectus.
740 2305 859 2371 Pseud.
877 2307 940 2372 339
963 2307 1040 2371 dum
1063 2330 1124 2392 ego
1147 2310 1242 2375 vivos

142 2427 228 2491 um,
258 2431 425 2497 nunquam
447 2409 510 2474 eris
534 2408 621 2493 frugi
644 2408 759 2473 bonae.
804 2407 899 2471 Asin.
923 2408 986 2473 463
1009 2408 1140 2473 credam
1162 2412 1242 2495 fore,

142 2528 175 2574 11
204 2512 336 2601 quidem
365 2511 401 2575 in
428 2533 526 2575 manu
553 2511 624 2597 ipse
652 2508 791 2578 habebo.
835 2509 898 2573 869
920 2511 988 2575 scio
1016 2513 1063 2574 ita
1089 2509 1159 2576 fore
1181 2511 1240 2595 illi,

142 2630 174 2676 n
197 2614 330 2702 quidem
352 2634 426 2677 cum
448 2611 504 2676 illo
526 2620 630 2698 nupta
652 2610 728 2675 eris.
760 2611 845 2675 Ter.
863 2609 982 2677 Heaut.
1001 2612 1061 2676 106
1080 2614 1241 2701 tantisper

155 2712 240 2782 dum
267 2714 367 2780 facies
397 2714 498 2797 („nur
525 2735 560 2777 so
588 2711 685 2797 lange
711 2712 810 2799 als“).
862 2711 940 2776 Cic.
969 2713 1066 2778 Rosc.
1096 2715 1170 2780 Am.
1199 2717 1241 2781 32

142 2831 175 2879 tn
197 2817 367 2882 hominum
389 2836 493 2900 genus
516 2817 593 2898 erit,
616 2816 673 2901 qui
695 2824 827 2880 accuset
849 2836 903 2878 eos
925 2836 990 2878 non
1013 2813 1137 2898 deerit3
1161 2816 1239 2881 dum

142 2912 213 2986 itas
236 2919 309 3000 erit,
331 2917 454 2983 iudicia
475 2917 562 2981 fient.
601 2917 655 2982 off.
670 2916 700 2995 2,
724 2916 752 2993 8,
775 2916 826 2980 29.
856 2915 942 3000 legg.
967 2918 995 2996 1,
1023 2920 1050 2999 1,
1072 2918 1102 2985 2.
1134 2917 1239 3004 Virg.

142 3037 179 3084 11.
203 3022 232 3105 1,
252 3020 316 3085 601
339 3022 373 3085 111
395 3020 481 3083 freta
502 3018 581 3082 dum
603 3018 697 3084 fluvii
719 3028 850 3083 current
871 3027 929 3082 ott.

180 3126 205 3204 ζ.
231 3122 303 3188 Das
331 3118 551 3208 Imperfect
582 3120 627 3185 ist
653 3120 761 3204 wenig
790 3118 972 3205 gebraucht
999 3119 1147 3186 worden:
1184 3122 1239 3188 Pl.

142 3239 193 3313 310.
216 3225 250 3306 1,
273 3223 308 3302 2,
330 3223 372 3288 63
395 3233 441 3300 te,
464 3221 542 3287 dum
564 3222 719 3305 vivebas,
747 3243 913 3288 noveram.
958 3221 1045 3285 Ter.
1069 3223 1173 3288 Andr.
1196 3224 1239 3289 52

142 3324 193 3389 lea
217 3328 272 3413 qui
299 3325 383 3390 scire
409 3345 522 3411 posses
547 3361 586 3372 -·
609 3323 688 3388 dum
709 3335 814 3401 aetas,
838 3332 959 3404 metus,
988 3324 1143 3407 magister
1165 3348 1238 3411 pro·

142 3417 275 3493 1010011
320 3426 402 3492 010.
430 3427 527 3491 Rosc.
556 3428 630 3491 Am.
653 3427 695 3491 32
722 3423 801 3489 dum
828 3426 856 3489 is
884 3425 918 3489 iu
947 3422 1020 3488 aliis
1043 3425 1141 3490 rebus
1164 3438 1236 3493 erat

142 3538 269 3616 coprus
293 3527 403 3614 („sich
425 3526 697 3613 beschaftigtffl),
727 3537 820 3592 erant
840 3528 965 3591 interea
987 3528 1043 3613 qui
1065 3536 1120 3592 ott.
1166 3527 1236 3593 Oat.

159 3625 174 3691 1
193 3628 246 3694 1110
268 3641 340 3695 erat
362 3652 446 3695 nnus
467 3631 630 3695 timendus
646 3667 697 3711 —,
720 3627 778 3693 sed
793 3638 861 3694 tam
878 3628 942 3707 din,
967 3629 1044 3692 dum
1066 3631 1236 3694 moenibus

142 3724 193 3796 rbis
217 3732 457 3801 continebatur.
501 3755 534 3817 p.
557 3731 640 3796 Mur.
667 3730 721 3814 12,
744 3730 786 3794 26
814 3729 892 3793 dnm
921 3741 1014 3794 erant
1035 3731 1172 3810 occulta,
1196 3770 1236 3779 -

142 3831 298 3900 rebantur.
331 3832 428 3899 Tnso.
454 3832 837 3916 1,·421uithaecgcus
861 3831 967 3912 sortis,
992 3831 1066 3895 dnm
1090 3831 1235 3918 Lycurgi

142 3946 189 4011 *ges
213 3935 381 4023 vigebant.
426 3933 519 3998 acad.
546 3936 580 4015 1,
603 3934 639 4016 3,
665 3936 701 3997 11
727 3933 805 3998 dum
832 3955 883 3997 me
912 3969 951 3980 -
982 3933 1128 4011 tenebat,
1156 3932 1236 3997 haec

142 4028 222 4103 'elusa
246 4038 421 4104 habebam.
466 4038 537 4101 Att.
562 4036 615 4119 12,
642 4035 694 4116 18,
720 4038 735 4098 1
765 4037 843 4100 dum
871 4033 953 4098 illud
983 4032 1166 4098 tractabam
1193 4071 1235 4083 —-

142 4138 193 4203 1111
211 4140 366 4206 fovebam
389 4138 516 4203 dolores
539 4159 638 4202 meos.

184 4239 290 4310 Caes.
320 4243 350 4306 b.
374 4263 406 4325 g.
430 4242 459 4320 1,
482 4240 524 4305 82
552 4238 630 4303 dum
659 4238 787 4325 longius
817 4239 971 4319 aberant,
999 4235 1073 4323 plus
1097 4275 1137 4285 —
1161 4260 1233 4324 pro·

142 4335 256 4410 tabant.
292 4341 392 4410 Bell.
416 4342 498 4407 Afr.
520 4343 560 4407 51
585 4342 662 4405 dum
685 4341 767 4406 haec
788 4378 828 4389 -
851 4338 982 4420 fiebant,
1005 4339 1134 4402 interim
1157 4362 1233 4425 pars

142 4446 274 4512 ·atabat.
305 4444 400 4512 Sall.
424 4443 522 4529 irgm.
536 4443 568 4525 4,
589 4443 678 4524 2116
701 4444 790 4527 (Κτ.)
815 4443 893 4506 dum
916 4463 935 4505 a
957 4440 1233 4525 Carthaginiensi-
