2924 4994
623 292 770 354 „220
832 332 850 338 ..

166 457 326 521 einleilet:
360 457 465 523 Plaut.
490 461 581 523 Asin.
600 462 627 540 l,
648 460 679 542 3,
702 460 742 524 37
766 458 917 546 equidem
939 461 1002 525 scio
1024 460 1090 524 iam
1111 457 1228 523 filius«

164 566 251 621 amet
273 581 374 624 mens.

248 665 278 728 5.
309 663 351 726 So
368 664 444 727 weit
458 662 538 726 iiber
554 661 607 726 die
623 662 856 728 archaistisehe
872 664 958 728 Zeit.
992 663 1052 730 Bei
1069 662 1134 726 den
1149 659 1228 727 Kla

164 766 263 829 kern
286 762 385 827 fallen
409 786 475 827 nun
492 764 649 829 zunaohst
659 767 738 851 jene
754 765 935 830 veralteten
951 763 1212 849 Verbindungen

163 868 196 930 in
213 865 315 930 denen
333 867 416 947 quod
429 866 478 929 als
491 868 669 931 Accusativ
686 867 744 930 der
758 865 949 952 Beziehung
964 889 1028 932 von
1045 867 1153 931 einem
1163 864 1228 929 Ver

164 969 222 1031 der
237 968 437 1051 Bewegung,
456 968 517 1031 wie
531 970 620 1034 venio
635 968 701 1033 und
717 971 814 1051 mitto,
837 968 1000 1053 abhangt3
1024 968 1155 1034 sodann
1177 987 1227 1030 we

163 1069 216 1132 die
233 1069 370 1153 librigen
387 1067 654 1154 Eracheinungen
672 1070 785 1135 weiter
800 1068 990 1135 entwiclxelt
1006 1069 1073 1133 und
1096 1069 1228 1150 mannig

162 1169 369 1253 angewandt.
404 1170 501 1234 Aueh
516 1171 586 1235 hier
600 1170 708 1235 finden
725 1169 795 1234 sich
810 1170 1003 1236 scheiubare
1018 1170 1180 1235 indirecte
1190 1168 1228 1232 Fr

161 1281 250 1336 ettae
273 1273 333 1335 mit
353 1274 448 1354 quod,
475 1271 555 1336 aber
582 1295 642 1336 nur
669 1274 727 1336 mit
750 1273 822 1336 dem
846 1272 1117 1360 (lonjunetiv,
1141 1271 1203 1336 wie
1226 1291 1228 1312 ·

162 1397 191 1459 p.
208 1372 386 1454 Quinot3,
404 1373 443 1437 12
465 1373 550 1459 quod
575 1375 700 1440 socium
723 1374 782 1437 tibi
804 1396 877 1438 enm
901 1373 1001 1438 vellen
1019 1373 1228 1457 adiungere,

160 1480 244 1554 erat,
266 1475 331 1538 nisi
358 1484 413 1538 ott.
437 1476 506 1539 Att.
526 1476 575 1556 16,
598 1475 629 1557 5,
652 1476 672 1540 3
695 1476 757 1538 etsi
780 1477 886 1560 magis
908 1480 953 1541 ert
973 1476 1058 1557 quod
1078 1473 1225 1558 gratuler

160 1598 256 1662 quarn
280 1577 366 1662 quod
390 1585 422 1640 te
445 1598 565 1660 rogem,
589 1586 695 1640 tamen
720 1577 817 1640 etiam
841 1576 1025 1663 rugosam.
1046 1575 1228 1656 14121111

159 1677 247 1762 quod
270 1690 303 1740 te
325 1678 381 1740 des
404 1677 465 1742 hoo
489 1690 644 1762 tempore,
667 1677 749 1742 nihil
772 1688 831 1742 eat.
849 1678 888 1743 de
908 1700 956 1742 or.
972 1678 1002 1758 3,
1019 1677 1071 1756 23,
1088 1677 1131 1742 89
1153 1675 1228 1741 nihil

160 1779 244 1864 quod
269 1780 440 1864 quisquam
464 1778 721 1863 magnitudinem
744 1779 862 1843 artium
888 1816 930 1826 -
957 1780 1178 1865 pertimescat.
1222 1779 1228 1840 2

161 1881 249 1943 vius
272 1901 324 1964 ap.
343 1879 411 1943 eie.
428 1879 504 1944 sam.
520 1881 550 1960 4,
568 1881 634 1962 5,2
656 1880 732 1966 quid
757 1890 806 1943 est
829 1879 914 1966 quod
940 1890 1030 1945 tanto
1053 1901 1151 1966 opere
1172 1890 1228 1944 ter

159 1990 296 2045 moveat.
312 1990 388 2044 tuus
412 1980 504 2045 'dolor
527 1980 724 2045 intestinus?
761 1983 834 2061 §.5
862 1980 941 2067 quid
965 1980 1127 2067 estquod
1154 2018 1189 2029 -
1214 2002 1228 2066 q

159 2080 318 2167 possitis?
352 2083 416 2164 (wo
446 2083 524 2146 aber
552 2081 718 2146 vielleicht
740 2085 823 2163 quod
843 2080 890 2146 als
914 2084 1033 2146 Aecus.
1058 2103 1134 2146 vom
1161 2081 1226 2145 Ver

159 2183 331 2267 abhitngt.)
360 2185 400 2246 de
429 2205 495 2246 sen.
520 2184 551 2266 5,
577 2185 616 2247 13
643 2182 726 2247 nihil
753 2183 864 2262 habeo,
895 2183 1014 2269 inquit,
1044 2183 1132 2269 quod
1155 2205 1228 2248 aecu

159 2293 369 2348 senectutem.
413 2283 488 2348 Und
518 2307 553 2349 so
581 2283 685 2348 bleibt
713 2283 795 2348 anch
824 2293 934 2370 spater
961 2283 1021 2347 der
1042 2283 1228 2372 Conjuncti*

158 2386 269 2448 diesen
293 2384 320 2447 F
321 2384 405 2448 allen
430 2384 488 2447 der
509 2384 667 2449 stehende
688 2383 817 2449 Modus.
862 2384 972 2450 Ueber
998 2385 1052 2450 die
1075 2383 1227 2470 gleichbe

157 2488 254 2550 tende
280 2485 495 2569 Verbindung
516 2491 560 2550 est
580 2507 652 2564 our,
679 2487 757 2566 quid
777 2491 821 2551 est
842 2507 899 2552 rur
920 2510 946 2550 s.
970 2486 1066 2550 indir.
1093 2486 1228 2571 Fruges!

243 2588 272 2651 6.
307 2586 407 2651 Sonst
436 2586 628 2651 bezeichnet
656 2587 715 2650 der
738 2587 816 2652 Sata
845 2591 905 2653 mit
927 2589 1012 2669 quod
1031 2587 1116 2652 auch
1141 2590 1174 2651 in
1197 2586 1228 2651 di

157 2690 233 2752 Zeit
256 2702 354 2752 etwas
380 2689 406 2751 T
410 2687 648 2751 hatsachliches
656 2735 665 2768 ,
696 2687 892 2752 namentlioh
920 2688 983 2751 den
1007 2679 1120 2753 lnhnlt
1148 2690 1228 2753 einer

157 2790 341 2871 llauptsatz
355 2787 1132 2871 enthnltenendemonstrativenAusdrueks,
1144 2812 1221 2875 mag

156 2889 247 2954 solbe
269 2912 335 2952 111
358 2890 411 2952 ein
433 2889 595 2953 neutrnles
619 2889 797 2954 Pronomen
824 2890 903 2955 oder
925 2892 977 2955 ein
1002 2892 1228 2957 Substantivr

156 2991 236 3053 Cic.
260 2991 327 3053 inv.
353 2992 380 3053 1.
403 2992 423 3053 4
449 3011 487 3052 ar.
515 2990 594 3054 mihi
621 2990 749 3075 quidem
776 2992 928 3056 videntur
950 2991 1100 3058 homines
1127 3030 1165 3040 -
1187 2993 1228 3057 lto

155 3091 296 3155 maxime
320 3091 431 3154 bestiis
454 3100 634 3175 praestare,
662 3094 748 3176 quod
777 3091 866 3178 loqui
893 3104 1041 3180 possunt.
1087 3096 1130 3158 de
1159 3115 1204 3158 or.

154 3194 210 3257 lenc
232 3194 315 3256 euim
338 3213 401 3283 uqa
424 3202 626 3278 praestamus
644 3193 695 3257 vel
711 3195 851 3257 maxime
867 3194 957 3277 feris,
974 3193 1064 3280 quod
1085 3193 1226 3281 colloqui

155 3295 240 3358 iuter
255 3316 313 3357 nos
330 3305 362 3356 et
376 3292 461 3377 quod
479 3294 660 3380 exprimere
676 3294 813 3360 dicendo
831 3318 927 3360 sensa
942 3318 1129 3380 possumus.
1158 3297 1190 3379 2,
1205 3297 1225 3360 4

155 3396 211 3458 lma
232 3405 341 3457 tamen
365 3393 483 3458 cecidit
506 3395 583 3458 milri
601 3406 849 3481 peropportune,
865 3398 951 3482 quod
973 3437 1008 3446 -
1026 3399 1178 3463 venistis.
1208 3397 1228 3460 ll

154 3495 180 3571 1,
203 3495 233 3574 2,
256 3497 277 3559 ὁ
301 3517 414 3559 verum
436 3494 621 3559 rocaduno
643 3499 871 3580 percommode
894 3498 1000 3580 cadit,
1031 3500 1119 3585 quod
1150 3510 1222 3564 cu'm

152 3594 304 3659 credibili
327 3597 397 3688 eius
419 3594 556 3659 audacia
578 3596 752 3680 singularis
776 3597 914 3662 stultitia
937 3600 1115 3666 coniuncta
1137 3610 1196 3665 est.
1218 3621 1228 3665 t

152 3697 183 3777 4,
203 3697 251 3760 15.
279 3695 322 3758 ad
338 3695 399 3776 Qu.
416 3696 454 3758 11.
471 3698 499 3767 3,
516 3697 547 3778 9,
563 3698 583 3760 3
599 3718 641 3759 ex
662 3695 724 3760 hoo
746 3699 910 3781 coniicito,
933 3699 1031 3787 quod.
1069 3702 1154 3768 Phil.
1166 3703 1196 3783 5,
1211 3701 1228 3766 6

153 3818 195 3858 au
222 3796 280 3860 illa
307 3818 371 3860 non
399 3797 603 3879 gravissimis
633 3798 819 3881 ignominiis
842 3839 882 3846 —
912 3812 990 3866 sunt
1018 3806 1183 3887 notanda,
1212 3825 1228 3889 q

153 3919 235 3959 unus
258 3896 303 3959 M.
320 3898 482 3960 Antonius
506 3898 538 3960 in
563 3896 621 3961 hae
645 3899 725 3963 urbe
748 3938 787 3947 —
811 3900 918 3985 palam
942 3924 1054 3967 seeum
1078 3904 1227 3970 habuerit

152 4006 256 4059 matos
275 3989 352 4080 (mit
370 3996 443 4060 dem
460 3998 656 4085 Conjunetiv
673 3999 731 4073 der
746 4000 928 4066 indirecten
944 4003 1055 4089 Rede3
1081 4006 1147 4091 vgl.
1164 4005 1228 4070 Ma(

152 4117 191 4157 zu
215 4094 256 4159 de
278 4096 334 4159 fin.
358 4097 390 4161 S.
407 4098 473 4180 51).
512 4097 555 4160 ud
577 4099 646 4162 Att.
671 4102 700 4182 8,
724 4101 754 4180 9,
778 4103 798 4165 3
822 4113 932 4167 tamen
955 4105 1027 4188 loc,
1059 4108 1150 4193 quod
1178 4105 1228 4171 tali

153 4195 232 4258 viris
256 4218 317 4259 nou
342 4197 505 4280 subvenit,
530 4199 663 4262 laudare
684 4223 749 4264 111
773 4223 913 4287 possum.
948 4205 1043 4271 Brut.
1059 4209 1176 4274 521200
1191 4218 1228 4273 tar

150 4293 295 4375 interest,
320 4298 407 4381 quod
429 4337 468 4345 -
489 4300 616 4385 probat.
633 4323 664 4363 n.
682 4301 713 4364 d.
729 4303 759 4384 2,
775 4303 818 4366 45
841 4304 921 4367 nihil
948 4308 1054 4372 maius
1076 4332 1178 4394 quam
1201 4332 1228 4396 qr

152 4391 245 4457 ltouo.
269 4398 343 4458 Α111.
366 4399 404 4461 51
434 4421 556 4485 proque
584 4423 617 4464 oo
646 4400 732 4486 quod
764 4441 800 4450 —-
831 4415 985 4472 tentatur.
1010 4432 1043 4494 p.
1068 4409 1143 4478 Mil.
1167 4412 1209 4476 36
