2948 4988
499 318 808 383 .-655-

54 487 319 575 regelreohte
347 489 444 555 Form
474 488 532 555 der
559 488 740 553 indirecten
768 488 858 552 Reda
886 489 921 553 in
948 491 983 574 6,
1006 490 1041 574 2,
1067 492 1104 555 13
1128 514 1148 556 a
1170 492 1263 558 ouius

55 601 249 675 aspectu
265 590 505 679 —prohibitus
527 600 591 668 est,
615 589 701 675 quod
725 611 796 654 eum
819 612 908 654 more
930 592 1105 656 Persarum
1127 593 1264 659 adorare

56 692 205 758 nolit.
238 692 316 758 Und
339 716 376 759 so
398 693 483 758 nach
506 694 672 780 quoniam:
699 693 747 771 11,
770 692 799 772 3,
826 693 865 756 10
887 691 953 757 und
976 694 1026 772 39,
1052 697 1081 775 1,
1105 695 1134 759 9.

199 799 228 877 ξ.
249 795 323 860 538.
367 797 439 860 Der
460 794 655 860 Oausalsatz
679 792 765 858 steht
788 793 897 858 ferner
924 796 968 858 im
998 797 1261 885 Conjunetiv,

56 918 211 960 wenn
233 895 293 961 der
309 897 506 983 angefiihrte
521 895 637 961 Grund
655 893 702 959 als
725 894 839 959 nieht
861 895 1048 962 wirklich
1073 898 1264 967 bezeichnet

58 997 201 1061 wird
221 997 353 1083 („nieht
382 1009 466 1063 etwa
489 997 578 1079 weil,
606 996 698 1062 nieht
720 995 768 1060 als
791 996 881 1083 ob“).
924 999 990 1062 Die
1013 999 1096 1065 dazu
1120 1022 1263 1065 verwen·

58 1096 212 1163 deten
227 1097 503 1186 Conjunotionen,
526 1100 630 1164 denen
654 1099 820 1162 entweder
843 1100 914 1163 eine
930 1099 1093 1184 Negation
1115 1100 1195 1167 oder
1210 1105 1263 1168 ein

60 1197 327 1287 Comparativ
350 1202 410 1265 mit
433 1222 529 1284 quam
551 1200 757 1285 voraufgeht,
780 1199 854 1264 sind
877 1202 974 1283 qrrod,
1001 1222 1062 1283 quo
1085 1203 1151 1266 und
1173 1207 1263 1289 0010,

63 1300 174 1365 mit
197 1301 367 1388 doppelter
383 1302 594 1386 Verneinung
616 1323 681 1367 non
703 1323 763 1384 qno
786 1301 895 1385 (qn-iu)
917 1323 981 1367 non
1003 1303 1082 1367 oder
1095 1324 1160 1369 non
1175 1308 1262 1387 quin

202 1405 271 1468 Aus
296 1404 355 1468 der
377 1402 464 1469 alten
479 1404 555 1468 Zeit
576 1403 668 1467 kann
691 1403 742 1466 ich
766 1425 827 1467 nur
850 1400 920 1466 drei
944 1402 1066 1468 Stellen
1088 1405 1262 1472 anliihren:

68 1497 144 1564 Pl
161 1517 247 1569 aut.
272 1503 392 1592 Amph.
416 1505 479 1570 502
508 1491 587 1591 quid
616 1507 701 1570 istuc
725 1515 786 1585 est,
811 1505 854 1568 mi
878 1505 944 1586 vir,
967 1509 1093 1590 negoti,
1117 1508 1204 1592 quod
1227 1519 1263 1573 tu

71 1608 186 1668 tam
211 1607 320 1671 subito
348 1605 443 1673 domo
472 1605 596 1672 abeas?
623 1607 634 1689 ΙΙ
661 1605 789 1693 Edepol
817 1607 897 1671 leont
917 1609 1001 1688 qnod
1022 1609 1071 1672 tui
1092 1630 1144 1674 me
1165 1631 1264 1692 oreque

75 1698 207 1772 domi
234 1708 419 1773 distaedeat
447 1707 641 1790 („wahrlieh
663 1708 768 1785 nieht,
798 1707 871 1771 weil
894 1712 1027 1791 etwa“).
1071 1711 1156 1774 Ter.
1179 1711 1263 1780 Eun.

76 1797 139 1864 96
195 1830 257 1875 nou
284 1809 339 1896 pol
368 1833 431 1897 quo
461 1830 655 1896 quemquam
687 1806 760 1895 plus
794 1831 898 1874 amem
935 1848 970 1857 -
1006 1832 1043 1875 eo
1076 1812 1157 1896 feei,
1193 1814 1261 1877 sed.

78 1896 236 1976 Heaut.
258 1912 323 1976 554
344 1934 450 1998 neque
472 1931 510 1975 eo
533 1932 619 1975 nune
642 1910 731 1993 dieo,
755 1931 815 1992 quo
830 1911 1007 1998 quidquam
1033 1950 1070 1959 —
1095 1915 1262 1979 senserim.

203 2011 279 2078 010.
304 2014 399 2079 Rose.
423 2016 497 2077 Am.
521 2013 570 2095 18,
592 2013 632 2077 51
657 2033 761 2098 neque
785 2034 845 2095 ego
867 2012 948 2077 haee
971 2036 1009 2078 eo
1033 2015 1178 2098 profero,
1202 2037 1263 2099 quo

84 2113 315 2179 conferenda
337 2115 404 2179 sint
425 2136 498 2178 cum
520 2114 610 2178 hisee
632 2152 673 2161 -
696 2113 754 2178 sed
777 2123 813 2177 ut
834 2113 917 2178 illud
932 2114 1143 2201 intelligatur.
1184 2116 1261 2181 Die-

84 2205 208 2281 Belbe
227 2215 410 2283 Sataform:
442 2215 536 2280 Verr.
560 2216 580 2280 3
602 2219 631 2296 ξ,
658 2215 728 2282 144.
757 2214 829 2296 4ξ,
854 2215 905 2279 64.
936 2218 1002 2280 inv.
1035 2219 1051 2279 1
1081 2221 1109 2298 ξ.
1136 2220 1173 2281 ll
1198 2241 1262 2284 non

85 2318 202 2382 Quod
219 2317 261 2382 de
282 2317 372 2383 laeto
393 2339 459 2380 non
482 2327 619 2400 constet,
643 2317 701 2381 sed
724 2317 874 2404 quod-
898 2316 988 2381 aliud
1016 2315 1073 2382 alii
1099 2320 1261 2384 videatur.

88 2399 202 2485 (Der
221 2420 320 2484 letzte
343 2418 541 2506 Oonjunetiv
563 2440 678 2503 wegen
700 2420 787 2482 eines
804 2417 1086 2502 iibergeordneten
1103 2419 1263 2486 Infinitiv-

89 2520 248 2606 antaee.)
285 2521 328 2586 de
361 2543 407 2585 or.
438 2522 454 2584 1
483 2525 518 2602 ξ.Ι
543 2521 585 2585 23
617 2542 681 2585 non
714 2519 800 2606 quod
830 2518 886 2583 illa
914 2530 1118 2585 contemnam
1142 2560 1179 2569 —
1204 2522 1262 2587 sed
1315 2578 1324 2587 ,

89 2603 212 2687 dabis
233 2622 319 2688 hane
340 2624 470 2688 veniam
494 2634 539 2688 ut.
567 2621 645 2687 lam.
669 2623 698 2704 9,
722 2625 747 2705 l,
766 2622 787 2685 2
805 2644 869 2686 non
891 2623 1013 2687 ideireo
1036 2645 1145 2689 eorum
1168 2646 1262 2689 usum

90 2705 323 2809 dimiseram,
346 2725 432 2810 quod
455 2724 496 2788 iis
519 2745 759 2805 succenserem,
788 2723 846 2788 sed
869 2723 956 2808 quod
980 2745 1087 2789 eorum
1111 2748 1162 2789 me
1186 2748 1261 2812 sup·

90 2823 271 2891 Pudebat
307 2826 475 2892 Servius
505 2825 548 2890 ad
575 2825 652 2890 fam.
681 2825 719 2908 4,
745 2828 779 2905 5,
806 2827 821 2888 1
853 2846 916 2889 non
945 2848 1009 2911 quo
1034 2847 1071 2889 ea
1094 2836 1126 2890 te
1148 2826 1263 2912 fugere

89 2919 312 3010 ‘Kistimem
336 2925 395 2991 sed
418 2927 505 3013 quod
530 2926 668 2991 forsitan
689 2964 726 2974 —
746 2927 852 2990 minus
875 2948 914 2991 ea
935 2928 1115 3013 perspicias
1130 2927 1262 3014 (Poten-

88 3010 229 3113 118111).
275 3029 337 3094 Mit
364 3029 663 3114 voraulgehendem
690 3030 793 3111 mepte
819 3049 931 3111 quum,
959 3030 1063 3093 wobei
1094 3027 1148 3094 die
1171 3028 1262 3095 Satz·

89 3107 206 3213 folge
226 3129 390 3196 natiirlieh
412 3130 482 3195 sieh
504 3132 633 3196 tndert:
658 3129 737 3194 Cic.
763 3130 840 3193 fam.
864 3131 897 3208 6,
921 3130 956 3208 3,
987 3132 1003 3193 1
1033 3129 1263 3197 benevolentia

91 3229 221 3315 magis
248 3232 412 3297 adductus
441 3253 538 3319 quam
561 3254 625 3320 quo
653 3252 704 3295 res
726 3230 774 3294 ita
797 3230 984 3315 postularet.
1024 3233 1075 3314 10,
1099 3233 1131 3315 3,
1153 3232 1183 3296 4,
1213 3235 1262 3315 11,

92 3309 179 3411 29,
202 3334 231 3400 3.
260 3335 372 3399 Caes.
395 3333 426 3397 b.
450 3356 482 3418 g.
506 3336 543 3415 4,
565 3335 586 3398 2
608 3333 713 3416 magis
741 3354 779 3398 eo
803 3342 839 3397 ut
861 3370 916 3411 —,
946 3355 1043 3418 quam
1071 3357 1135 3420 quo
1163 3334 1262 3398 ullam

96 3431 193 3497 re111
211 3435 252 3500 ed
275 3457 311 3500 se
333 3437 503 3521 importari
526 3434 723 3501 desiderent.

205 3536 300 3602 Bell.
324 3534 438 3602 Alex.
461 3537 503 3602 45
524 3558 588 3602 non
611 3535 698 3623 quod
724 3574 761 3585 -
785 3534 843 3600 sed
866 3536 965 3621 quod.

114 3644 124 3658 “
204 3640 272 3703 Ans
295 3635 452 3703 Sallust
473 3638 558 3704 habe
580 3638 633 3702 ieh
656 3639 762 3703 niehts
785 3640 896 3719 notirt,
920 3638 967 3702 als
992 3638 1063 3704 Cat.
1088 3641 1138 3721 14,
1162 3641 1180 3703 t
1204 3641 1263 3705 sed

10 3766 17 3775 ··
103 3738 160 3793 ⁶1
187 3738 254 3806 aliis
276 3740 375 3805 rebus
398 3742 502 3823 maffia
523 3762 621 3826 quam
636 3742 721 3822 quod
733 3740 885 3826 cuiquam
901 3738 936 3804 id
951 3749 1151 3825 compertum
1168 3741 1262 3823 foret,

104 3815 204 3904 haee
225 3842 315 3907 fama
342 3841 484 3908 valebat.
513 3881 555 3890 -
583 3843 726 3907 Livius
754 3841 813 3906 hat
840 3851 949 3906 zuerst
976 3863 1041 3906 non
1068 3844 1147 3923 0010
1179 3842 1262 3907 ohne

109 3919 288 4027 f‘figendus
310 3965 392 4010 nen:
419 3944 478 4025 21,
501 3945 541 4008 31
569 3965 634 4022 non
657 3944 734 4030 quia
756 3944 875 4009 rectior
896 3942 938 4006 ad
961 3942 1064 4028 Alpes
1086 3945 1142 4007 via
1164 3953 1260 4026 esset,

113 4036 186 4105 md
202 4084 240 4095 -
261 4045 409 4111 eredens.
439 4046 490 4125 35,
513 4045 556 4109 40
577 4068 642 4109 non
664 4047 741 4130 quia
763 4047 851 4132 ipssa
875 4066 992 4131 operae
1014 4045 1154 4129 pretium
1177 4053 1264 4108 esset

118 4145 331 4230 renenbere,
354 4145 412 4211 sed
435 4148 511 4232 quia
533 4169 651 4212 eausae
673 4146 814 4215 fuerunt.
844 4147 896 4226 38,
912 4147 954 4210 33
976 4167 1040 4210 non
1062 4146 1138 4231 quia
1152 4144 1262 4209 salvos

122 4230 230 4332 Vellet,
252 4247 311 4314 sed
331 4249 408 4335 quia
428 4249 535 4335 perire
557 4271 656 4314 eausa
677 4248 800 4313 indicta
822 4247 964 4321 nolebat.
994 4247 1052 4328 39,
1077 4248 1132 4325 13,
1155 4247 1176 4310 2
1198 4269 1262 4311 non

129 4350 207 4416 Quod
217 4352 325 4417 eoiret.
363 4351 407 4416 So
422 4352 504 4417 auch
520 4353 604 4433 quod
617 4348 701 4415 nach
717 4348 1016 4435 voraufgehendem
1031 4350 1134 4433 mepte
1148 4370 1263 4432 quum:

11 4472 16 4499 '-
134 4432 164 4521 2,
183 4450 207 4535 l,
227 4454 245 4518 ‘l
268 4451 346 4518 inde
368 4452 482 4538 magis,
499 4455 576 4541 quia
593 4492 628 4501 -
646 4474 744 4540 quam
760 4454 844 4538 quod
861 4452 1062 4517 deminutum
1084 4450 1262 4540 quidquam
