2948 4988
508 335 739 401 -379-

142 556 145 568 .
180 507 256 570 Am.
293 503 344 587 20,
373 504 414 569 67
447 512 484 568 ut
514 507 659 590 arguatis
691 506 832 591 aliquem
851 468 992 592 ⁹patrem
1026 506 1193 570 occidisse.

151 607 204 690 30,
219 608 261 671 23
277 605 514 692 speculatores,
537 629 601 671 non
618 607 742 691 legatos
758 609 887 671 venisse
902 606 1069 691 arguebat.
1099 595 1193 671 Eben
1313 676 1317 683 ,

142 711 162 772 ti
185 708 363 794 Sptiteren3
387 707 536 792 h'aufiger
557 710 601 772 im
624 710 741 773 Passiv
764 710 824 774 mit
846 707 976 777 Nomin.
1000 732 1025 772 c.
1042 707 1134 772 infin.
1151 746 1193 756 -

160 811 302 875 seltener
333 810 386 873 bei
419 830 600 892 couryncre,
632 809 738 875 woftir
770 832 832 875 nur
865 810 935 876 drei
968 809 1194 875 unklassische
1288 895 1291 900 .

142 911 285 976 >unitim
307 910 453 976 werden:
491 909 590 975 Bell.
614 911 667 974 Af
671 934 695 974 r.
719 913 760 976 68
783 934 855 977 cum
879 912 1101 977 defensionem
1125 912 1193 975 eius

142 1035 172 1076 m
193 1035 289 1099 posse
312 1013 557 1077 excusationem
581 1014 649 1076 eius
678 1014 916 1101 imprudentiae
938 1015 1083 1099 recipere
1105 1034 1192 1077 coar-

142 1125 184 1178 et.
229 1113 401 1194 Quintil.
424 1115 454 1193 4,
478 1114 508 1196 2,
530 1115 551 1177 4
573 1113 660 1201 quod
690 1115 808 1179 falsum
838 1138 910 1179 esse
932 1116 1081 1202 pluribus
1105 1135 1192 1178 coar-

142 1239 162 1279 r
194 1217 314 1299 („wird
350 1216 560 1298 bewiesen“).
615 1215 702 1281 Tac.
736 1217 777 1282 G.
811 1218 852 1281 43
886 1217 971 1282 Osos
1005 1216 1195 1280 Pannonica

142 1339 162 1380 a
183 1319 334 1402 coarguit
355 1339 419 1382 non
442 1339 515 1382 essc
538 1316 727 1383 Germanos.
743 1356 782 1365 -
807 1319 1009 1402 Redaiyncre
1029 1342 1091 1382 nur
1106 1317 1192 1382 Gell.

142 1424 156 1497 l,
186 1421 204 1484 7
233 1441 333 1506 quam
363 1456 399 1466 -
429 1419 546 1482 falsam
569 1440 649 1484 esse.
695 1420 852 1505 Dagegen
882 1430 967 1484 setat
995 1420 1111 1489 Cicero
1141 1421 1194 1484 bei

142 1540 160 1584 0
180 1521 344 1585 entweder
366 1522 450 1602 qtcod
470 1521 549 1585 oder
571 1542 644 1603 nir,
671 1544 734 1585 nur
754 1521 924 1586 Tacitus
947 1532 1021 1605 sagt
1042 1542 1118 1584 anu.
1144 1520 1193 1602 14,

142 1623 354 1687 densantibus
388 1622 633 1708 Cyrenensibus
666 1624 824 1688 violatum
862 1625 903 1688 ab
935 1645 971 1687 eo
1004 1621 1193 1685 thesaurum

142 1725 246 1809 ulapii.
300 1723 400 1789 Sonst
427 1725 593 1808 nirgends.
637 1725 701 1789 Ein
731 1722 789 1788 dn.
819 1725 879 1806 alo.
912 1725 957 1788 ist
987 1723 1070 1788 auch
1102 1723 1191 1797 Tac.

143 1824 169 1907 3,
183 1825 223 1889 38
246 1824 488 1890 Trebellienum
511 1833 660 1891 incusans
682 1825 889 1911 popularium
911 1827 1047 1889 iniurias
1070 1824 1192 1889 inultas

144 1947 166 1990 e.

142 2026 414 2094 (lebrltuchlichcr
442 2052 510 2094 war
545 2031 734 2096 insimulare
762 2030 823 2093 mit
856 2030 927 2093 dem
958 2028 1189 2111 Infinitivsatz,

142 2127 256 2195 lmnde
284 2131 385 2196 sehon
412 2129 603 2203 verbanden
631 2131 684 2196 bei
713 2133 798 2195 Ter.
822 2132 939 2196 Heaut.
962 2130 1026 2194 204
1048 2141 1081 2195 01
1103 2130 1191 2217 quod

142 2231 329 2297 linsimulat
351 2232 470 2297 durum
494 2232 580 2317 (scil.
604 2239 705 2317 esse),
732 2232 766 2296 id
793 2254 859 2297 non
888 2241 947 2296 est.
992 2231 1071 2296 oie.
1096 2230 1189 2295 Verr.

142 2332 159 2415 l,
178 2334 219 2398 59
247 2334 439 2398 insimulant
468 2334 629 2399 hominem
658 2333 834 2400 fraudandi
863 2354 961 2397 causa
989 2332 1191 2399 discessisse.

142 2436 194 2518 .2,
217 2437 267 2514 10,
291 2437 334 2501 32
356 2437 444 2522 quod
467 2459 521 2501 eos
546 2437 773 2501 insimulemus
797 2437 905 2501 omnia
926 2436 1050 2498 incerta
1072 2433 1190 2500 dicere.

142 2535 160 2618 l,
180 2538 228 2619 26,
252 2537 292 2602 97
323 2536 513 2604 insimulant
542 2561 615 2603 eum
640 2577 678 2586 —
702 2539 853 2603 militiam
880 2536 1106 2621 subterfugere
1134 2558 1190 2600 vo·

142 2659 162 2701 e.
202 2638 330 2705 Weiter
352 2639 432 2704 wnd
459 2640 566 2705 nichts
595 2641 694 2706 citirt.
718 2678 759 2688 —
786 2640 873 2703 Dass
903 2639 984 2702 auch
1014 2641 1192 2703 convincere

142 2737 204 2804 dem
227 2744 345 2808 Aecus.
375 2763 403 2804 c.
432 2742 490 2805 inl.
520 2741 674 2824 vorkam,
703 2742 841 2806 beneist
868 2740 922 2805 die
950 2739 1041 2803 nicht
1070 2739 1191 2804 seltene

142 2844 277 2907 rtmction
307 2843 364 2906 des
387 2841 550 2907 Verbums
584 2845 629 2908 im
658 2844 773 2907 Passiv
804 2844 865 2906 mit
895 2839 974 2904 dem>
1001 2842 1131 2904 Nomin.
1162 2863 1190 2905 c.

159 2943 313 3009 Dasselbe
329 2944 446 3008 diirfen
468 2947 528 3008 wir
543 2967 602 3009 aus
619 2942 808 3010 demselben
823 2944 961 3009 Grunde
976 2964 1040 3006 von
1057 2944 1191 3008 liberare

142 3045 312 3131 sprechen“
336 3045 531 3129 schliessen,
556 3047 629 3112 weil
646 3047 713 3112 Cic.
737 3069 769 3131 p.
785 3046 855 3111 Mil.
880 3046 928 3128 18,
944 3046 984 3109 47
1009 3047 1072 3110 den
1094 3044 1188 3110 Nom.

142 3142 280 3231 100101,
310 3146 517 3233 desgleichen
546 3147 632 3213 wohl
659 3171 727 3212 von
754 3147 887 3231 deferre,
920 3148 1115 3231 wenigstens
1145 3147 1189 3210 im

143 3266 210 3313 rnen
232 3250 361 3314 Latein.

144 3347 166 3412 l.
208 3350 321 3416 Verba
354 3351 412 3414 der
451 3351 849 3436 Sohlussfolgerung
888 3351 1010 3433 (mdiyo
1043 3351 1189 3414 concludo

142 3451 178 3514 u'o
198 3453 312 3537 efficio)
335 3452 441 3518 haben
464 3454 526 3518 den
550 3454 668 3518 Aecus.
690 3477 716 3517 c.
740 3454 799 3516 inf.
822 3463 931 3517 auerst
955 3454 1007 3517 bei
1030 3452 1188 3516 Cicero:

142 3548 158 3626 l,
178 3554 214 3618 16
236 3556 352 3637 collinit
373 3556 453 3619 haec
474 3557 584 3641 pueris
602 3593 639 3601 -
664 3576 736 3619 esse
758 3564 861 3639 grata.
906 3553 1080 3634 Quintil.
1105 3555 1133 3635 7,
1156 3554 1187 3635 3,

142 3653 223 3720 licero
253 3656 403 3722 Servium
432 3655 612 3742 Sulpidium
642 3657 784 3720 occisum
813 3657 855 3720 ab
885 3657 1029 3721 Autonio
1052 3655 1188 3739 colligit.

154 3754 182 3820 d.
203 3759 254 3822 27.
279 3757 405 3825 Colum.
427 3759 459 3839 3,
486 3759 534 3840 10,
560 3760 610 3833 13.
632 3796 673 3805 -
697 3758 776 3822 Cic.
800 3757 893 3822 acad.
917 3759 949 3838 2,
971 3757 1012 3822 26
1036 3766 1190 3842 quattuor

142 3861 250 3945 capita,
268 3879 353 3945 quae
367 3860 554 3924 concludunt
566 3859 647 3945 (‚,zu
661 3861 735 3924 dem
748 3857 901 3922 Schlusse
916 3858 1034 3922 liihren
1047 3856 1188 3941 sollen“)

155 3981 220 4026 esse
242 3963 330 4048 quod
353 3963 446 4026 nosci
468 3999 508 4008 -
532 3963 645 4047 possit.
681 3960 735 4024 fin.
752 3961 783 4043 2,
800 3961 841 4024 19
862 3959 1080 4025 concludebas
1104 3979 1187 4020 sum-

158 4063 276 4127 malum
292 4084 363 4127 0000
380 4062 537 4141 dolorem,
561 4084 720 4126 summum
737 4062 858 4126 bonum
874 4062 1086 4146 voluptatem.
1120 4057 1186 4124 div.

145 4187 217 4230 num
239 4164 342 4250 igitur
364 4201 405 4212 -
428 4163 544 4229 melius
567 4166 728 4229 coniecerit
756 4174 813 4228 aut
835 4186 853 4227 0
875 4162 987 4227 morbo
1011 4181 1187 4225 evasurum

142 4277 212 4332 »tum
240 4277 299 4332 aut
326 4275 383 4331 ott.
429 4268 499 4330 Att.
530 4265 578 4348 14,
606 4267 658 4347 21,
691 4269 713 4343 1,
741 4266 807 4330 cito
839 4265 963 4329 conieci
990 4261 1131 4327 Lanuvii
1155 4270 1187 4325 10

142 4392 155 4434 t.
199 4369 333 4455 Nepos
356 4368 406 4449 18,
422 4368 490 4448 2,2
513 4389 554 4431 ex
577 4389 640 4453 quo
663 4390 773 4431 omnes
802 4369 1009 4431 coniecerant
1036 4385 1109 4427 eum
1138 4383 1187 4425 rc·

167 4473 196 4536 ei
224 4469 479 4537 commendasse.
503 4506 545 4517 —
567 4469 646 4534 Cic.
669 4469 766 4533 Tusc.
798 4471 825 4549 1,
854 4469 906 4548 31,
935 4467 974 4529 77
1007 4466 1041 4528 in
1069 4462 1188 4550 quibus

932 4569 986 4620 uo*
