2924 4994
628 372 666 382 ψ
713 333 775 398 259
820 372 859 380 -

214 493 251 561 bei
273 501 326 568 cic.
347 504 424 568 fam.
451 505 505 583 10,
525 504 584 587 21,
606 504 636 570 6.
680 501 841 567 Denselbe
864 501 1038 566 Verfasscr
1067 501 1211 566 schreibt
1238 499 1317 564 aber

206 614 246 681 111.
265 602 333 684 23,3
352 603 430 669 dedi
452 626 504 693 op.
526 614 573 670 ut.

272 721 325 787 Dis
344 721 467 788 Phrase
495 723 578 788 nihil
599 725 763 806 antiquius
784 723 897 788 trabem
923 723 983 786 mit
1010 722 1197 808 folgendem
1220 742 1317 802 quom

190 819 225 876 “l
256 822 403 889 erscheint
435 833 503 889 erat
531 825 583 890 bei
611 825 755 890 Cicero
789 825 856 889 und
890 825 923 887 in
951 824 1059 888 dieser
1087 822 1317 888 Construction

182 918 270 987 wohl
288 947 345 989 nur
367 925 433 990 ein
456 925 542 990 Mal:
575 927 652 991 fam.
671 928 719 1008 11,
736 927 799 1010 5,1
829 948 889 989 nec
911 924 1011 990 habui
1035 924 1212 1011 quidquam
1235 925 1316 987 anti-

174 1022 277 1100 quius
300 1048 395 1114 quam
423 1038 461 1094 ut
483 1027 622 1093 Pansam
651 1029 761 1092 statim
789 1028 1008 1092 convenirem.
1054 1025 1152 1090 Sonst
1174 1025 1228 1089 bei
1250 1023 1317 1087 ihm

168 1116 265 1191 ohne
277 1127 472 1194 Nebensata.
507 1129 636 1195 Weiter
658 1128 739 1194 wird
762 1128 945 1216 tiberhaupt
967 1127 1074 1193 nichts
1098 1128 1191 1191 citirt
1222 1125 1317 1191 Auch

166 1219 245 1289 der
264 1229 406 1296 Infinitiv
428 1230 516 1296 steht
537 1231 637 1296 sehon
659 1231 713 1296 bei
736 1231 867 1315 Cicer03
889 1233 918 1312 ξ.
941 1231 1015 1308 416,
1039 1231 1068 1311 1,
1086 1250 1127 1292 m.

264 1347 422 1413 Aehnlich
455 1348 500 1413 ist
531 1351 614 1415 nihil
642 1352 748 1432 potius
776 1355 820 1415 cst
852 1349 912 1413 mit
939 1347 1126 1432 folgendem
1155 1367 1251 1428 prtum
1272 1351 1316 1425 ut,

151 1440 259 1512 aber
282 1471 315 1514 es
343 1448 431 1514 steht
458 1471 521 1513 nur
550 1450 604 1515 bei
628 1449 707 1515 cie.
731 1472 800 1538 rep.
823 1451 891 1533 6,9
919 1448 1001 1515 nihil
1023 1448 1104 1512 mihi
1128 1449 1234 1534 potius
1258 1446 1319 1510 fuit

152 1561 274 1626 quam
295 1562 332 1617 ut
351 1550 560 1616 Masinissam
583 1552 799 1617 convenirem.

261 1688 290 1767 §-
309 1685 384 1750 402.
430 1686 648 1751 Beharren.
692 1686 911 1771 Dergleichen
945 1687 1055 1752 Verba
1089 1686 1148 1750 mit
1176 1691 1211 1750 ut
1244 1684 1316 1748 sind

157 1776 294 1850 bochar
318 1787 436 1852 seiten:
476 1788 556 1854 Cic.
583 1787 625 1850 ad
656 1790 725 1853 Au.
749 1789 781 1870 9,
805 1790 853 1867 19,
873 1790 893 1853 3
916 1801 948 1853 01
974 1788 1017 1853 ad
1046 1791 1160 1854 urbem
1189 1796 1225 1850 ut
1252 1809 1318 1851 non

159 1885 379 1971 accederem,
404 1892 612 1972 perseveravi.
657 1889 755 1955 Sonst
783 1889 870 1954 steht
892 1890 950 1954 der
973 1889 1130 1954 Infinitiv.
1174 1889 1224 1952 Zu
1247 1910 1317 1951 ver·

162 1982 321 2064 gleichen
349 1999 437 2055 witra
465 2013 528 2054 nur
556 1990 640 2057 noch
668 2012 795 2056 monere
822 1993 883 2057 mit
909 2013 964 2055 ne:
1003 1992 1033 2072 9,
1058 1991 1106 2073 18,
1131 1995 1146 2053 l
1171 1991 1258 2054 etin
1282 2010 1319 2052 eo

168 2092 351 2156 mansimus
373 2114 415 2157 ne
437 2091 480 2156 ad
503 2094 628 2157 urbem.

263 2184 416 2259 Memento
445 2196 602 2280 „vergiss
624 2195 715 2259 nicht
738 2215 772 2258 es
795 2217 837 2258 zu
859 2195 969 2259 thun“
997 2195 1089 2258 Hor.
1113 2193 1206 2278 epod.
1232 2193 1317 2274 19,3

181 2299 229 2352 ut
246 2293 387 2360 verberes
410 2333 450 2343 —
472 2305 644 2361 memento.
689 2297 786 2361 Sonst
809 2296 868 2359 mit
890 2295 986 2360 Infin.

266 2432 292 2511 8.
311 2429 385 2495 493.
432 2430 702 2496 Verbereiien
724 2430 793 2495 und
815 2432 1053 2496 versuchen.
1088 2431 1215 2496 Parare
1237 2430 1316 2494 oder

184 2535 307 2599 soraee
327 2533 389 2597 mit
408 2537 445 2597 ut
465 2531 568 2598 findet
591 2531 661 2597 sich
684 2554 746 2596 nur
769 2534 801 2596 in
825 2531 884 2596 der
904 2532 1116 2598 archaischen
1139 2533 1205 2597 und
1227 2531 1315 2595 kias-

190 2624 306 2696 tischen
326 2632 416 2717 Zeis,
439 2635 519 2699 aber
540 2632 624 2698 auch
647 2632 691 2698 da
712 2634 787 2699 sehr
809 2644 983 2703 zerstreut:
1015 2634 1141 2699 Plaut.
1164 2632 1231 2698 mil.
1255 2633 1317 2697 295

189 2737 260 2793 utu
278 2733 334 2798 tibi
356 2736 440 2817 iam,
469 2744 505 2800 ut
526 2756 656 2822 pereas,
680 2745 863 2821 paratumst
884 2735 1068 2822 dupliciter.
1113 2734 1231 2799 Pseud.
1254 2735 1317 2797 184

191 2828 297 2912 viginti
317 2837 424 2901 minas
441 2839 571 2919 puritas
592 2847 628 2901 ut
650 2859 670 2900 a
691 2838 765 2902 med
789 2838 927 2902 auferas.
974 2836 1086 2901 Aului.
1110 2838 1172 2901 182
1194 2838 1259 2900 iam
1280 2846 1317 2898 ut

191 2932 315 3017 eriperos
342 2939 537 3021 apparebas.
563 2977 599 2985 —
634 2939 718 3003 Ter.
745 2938 866 3002 Heaut.
888 2940 919 3021 5,
938 2942 965 3019 1,
982 2941 1021 3003 Τι’)
1048 2961 1182 3003 uxorem
1206 2949 1243 3002 ut
1265 2960 1316 3001 ac·

191 3044 298 3122 cenat,
317 3049 420 3126 paret.
466 3039 596 3105 Phorm.
619 3042 649 3123 5,
667 3041 697 3122 8,
715 3040 757 3104 64
779 3042 886 3104 animo
910 3042 998 3104 virili
1026 3080 1059 3088 —
1085 3051 1121 3104 ut
1144 3040 1203 3120 sis,
1227 3062 1315 3124 para.

191 3123 275 3205 Sall.
298 3140 371 3226 Jug.
395 3142 492 3224 91,2
524 3143 574 3205 uti
602 3180 643 3189 —
672 3141 920 3226 egrederentur,
956 3154 1087 3228 paratos
1117 3163 1188 3205 esse
1216 3141 1315 3204 iubet.

188 3222 278 3304 Suu
301 3242 379 3307 aber
406 3243 495 3307 steht
516 3241 574 3307 der
596 3243 743 3307 [nfinitiv
766 3244 845 3307 oder
868 3244 939 3307 eine
963 3243 1177 3330 Proposition.
1223 3243 1316 3306 Eben

189 3344 235 3396 81
249 3341 336 3408 seiten
357 3346 403 3408 ist

190 3525 205 3540 ἱ
268 3443 426 3529 Ycrnptarc
448 3447 507 3512 mit
529 3453 579 3512 ut:
608 3448 688 3515 Cic.
712 3448 807 3511 Rosc.
831 3448 906 3512 Arn.
929 3449 960 3530 5,
980 3449 1018 3511 13
1041 3447 1120 3533 quid
1143 3446 1232 3510 aliud
1255 3447 1316 3510 hoc

190 3538 296 3611 mucio
322 3556 501 3634 temptatur
523 3549 584 3613 nisi
608 3560 645 3613 ut
667 3549 701 3613 id
724 3549 794 3612 fieri
818 3549 936 3613 liceat?
972 3571 1039 3633 rep.
1063 3549 1244 3627 2,12οιιιῐι
1268 3569 1315 3611 sc·

190 3646 277 3709 ¹¹ttur
304 3657 480 3736 temptaret
513 3659 549 3715 ut
570 3651 639 3735 ipse
671 3661 801 3735 gereret
835 3652 905 3714 sine
934 3672 1010 3732 rege
1044 3671 1112 3712 rem
1139 3648 1314 3735 publicam.

191 3723 260 3807 Lit.
277 3749 304 3832 4,
317 3751 407 3832 49,6
430 3755 621 3838 temptatum
645 3753 687 3816 ab
709 3752 747 3814 L.
773 3752 885 3816 Sextio
907 3790 949 3798 —
971 3761 1008 3814 ut
1031 3751 1230 3835 rogationem
1254 3752 1316 3814 fer-

193 3849 250 3906 ’11
282 3850 383 3917 Suet.
413 3852 479 3917 Jui.
505 3856 541 3916 11
577 3855 753 3939 temptavit
784 3863 821 3917 ut
854 3853 917 3917 sibi
947 3854 1117 3938 Aegyptus
1147 3853 1317 3938 provincia

197 3932 316 4108 (ἔξω.
360 3953 460 4019 Sonat
493 3952 579 4019 steht
612 3954 670 4018 der
698 3953 862 4038 Infinitiv,
897 3956 975 4020 aber
1008 3954 1117 4018 weder
1147 3976 1205 4018 vor
1233 3952 1315 4017 noch

241 4045 376 4121 'Cicero

270 4153 413 4240 Eneriri
435 4156 494 4221 mit
514 4162 566 4221 ct:
589 4157 667 4222 Cic.
691 4156 974 4240 adAtt.9,10,3
997 4159 1147 4242 experiar
1170 4167 1256 4219 certe
1278 4166 1314 4220 ut

213 4235 266 4314 11110
287 4258 417 4323 avolem.
461 4258 513 4344 (ln
536 4258 594 4322 der
617 4258 813 4345 Bedeutung
841 4260 923 4342 „die
947 4259 1136 4343 Erfahrung
1157 4257 1315 4323 machen“

219 4356 309 4421 11110
333 4382 376 4425 or.
403 4362 418 4424 1
443 4364 474 4443 ξ.
500 4361 557 4424 121
587 4361 620 4423 in
648 4362 792 4446 meipso
816 4363 1005 4448 saepissime
1027 4362 1178 4446 experior
1200 4370 1236 4424 ut
1259 4382 1315 4424 ex-

224 4440 339 4525 ⁸iberorum
360 4462 393 4526 in
408 4463 576 4550 principiis
593 4463 746 4546 dicendi.)
786 4461 878 4552 Nep.
898 4463 946 4546 14,
963 4464 992 4547 2,
1008 4464 1028 4525 3
1052 4463 1195 4551 experiri
1212 4461 1317 4528 voluit
