2948 4988
547 318 780 382 ..449-

145 497 173 567 t,
197 487 304 574 qualis
328 486 385 553 illa
407 498 455 554 est
478 488 602 553 mulier.
654 488 810 574 Vopisc.
834 487 963 552 Saturn.
987 487 1008 550 2
1036 508 1116 572 quos
1138 508 1234 572 quem

151 589 290 657 modum
312 589 499 670 fecundant,
522 591 624 676 pudet
645 589 764 655 dicere.
807 589 900 652 Lact.
922 589 953 669 5,
980 588 1028 671 16,
1053 591 1068 652 1
1097 589 1235 674 exposui

142 712 235 774 isam,
258 714 315 757 eur
336 693 522 778 philosophi
543 714 602 755 nec
626 692 775 755 invenire
798 690 955 755 iustitiam
978 711 1039 753 nee
1061 688 1237 756 defendere
1339 738 1344 753 .

142 805 281 858 morunt.
326 796 403 881 epit.
431 795 479 874 14,
502 794 522 857 2
544 795 599 857 aed
624 815 681 857 eur
703 794 750 857 ita
772 792 927 870 traditur,
958 792 1040 857 ratio
1063 801 1153 857 certa
1174 801 1234 858 est.

142 895 217 959 isc.
240 895 282 959 ad
306 896 374 962 Jul.
396 919 445 982 ep.
469 898 490 961 5
513 895 589 981 quid
614 895 657 957 sit
680 894 790 960 littera
804 931 846 942 —
861 916 944 981 quae
965 895 999 958 in
1023 915 1103 979 quas
1125 903 1229 958 traus-

142 1005 176 1060 rt
222 998 302 1082 quid
329 998 373 1062 sit
400 1019 517 1062 nornen
539 1034 578 1044 -
607 1007 688 1083 quot
715 1006 790 1062 sunt
819 997 960 1083 species3
993 996 1058 1060 und
1085 993 1236 1060 dhnliehe

142 1098 367 1184 rwankungen
390 1100 484 1168 dfter.
908 1156 927 1168 ,

174 1204 205 1281 8.
227 1201 301 1268 465.
346 1201 386 1265 In
408 1202 472 1266 den
495 1201 632 1282 Sittzem
662 1200 783 1265 welche
805 1200 864 1263 das
889 1200 1031 1264 Verbum
1055 1202 1156 1266 neseio
1178 1223 1234 1265 un-

142 1302 259 1368 ttelbar
281 1305 341 1368 mit
363 1305 466 1368 einem
489 1304 668 1389 fragenden
692 1304 874 1389 Pronomen
903 1303 981 1368 oder
1002 1302 1140 1367 Adverb
1162 1324 1234 1366 ver·

142 1403 223 1482 rdeu,
248 1404 335 1469 steht
357 1403 416 1468 der
437 1404 649 1471 Indicati·v
671 1428 733 1470 nur
755 1407 856 1486 dano,
885 1426 979 1469 wenn
1008 1405 1067 1469 das
1089 1405 1236 1469 Verbum

142 1513 156 1569 t
175 1505 248 1570 dem
264 1506 455 1590 Fragewort
477 1530 664 1571 zusammen
687 1507 741 1570 die
758 1506 857 1571 Stelie
880 1506 968 1569 eines
991 1505 1234 1570 indefiniten

142 1627 290 1671 nnomens
313 1609 392 1673 oder
414 1610 567 1674 Adverbs
591 1612 731 1673 vertritt.
776 1608 887 1674 Nescio
915 1609 986 1688 qais
1005 1608 1079 1688 fecit
1099 1607 1143 1671 ist
1164 1607 1255 1672 also·

142 1728 427 1794 sammengezogen
443 1733 519 1775 aus:
536 1712 615 1776 fecit
631 1708 760 1796 aliquis,
776 1709 974 1795 nescioquis
991 1707 1075 1795 (scil.
1092 1708 1234 1794 fecerit).

142 1830 192 1873 ese
213 1810 446 1876 construction
468 1812 513 1877 ist
535 1812 625 1877 nieht
649 1811 698 1877 ala
722 1810 930 1876 Graecismus
959 1833 1001 1874 zu
1029 1811 1234 1893 tetrachten,

143 1910 170 1974 il
188 1913 236 1976 sio
258 1911 380 1977 bereits
404 1914 446 1976 im
470 1912 608 1979 ditesten
631 1914 749 1978 Latein
780 1911 960 1977 auffalleud
983 1912 1094 1997 haufig
1115 1913 1173 1996 ist,
1196 1914 1235 2001 ja

142 2011 150 2072 i
172 2013 306 2078 Plautus
329 2014 431 2079 findet
453 2013 524 2079 sich
551 2017 609 2081 der
637 2014 801 2080 Indicatir
829 2036 925 2100 sogor
951 2016 1033 2079 noch
1062 2013 1146 2080 nach
1172 2015 1235 2080 scio

142 2114 180 2193 ῖε,
201 2139 224 2179 s.
246 2120 276 2197 ξ.
299 2115 379 2197 463,
405 2118 437 2199 1,
461 2140 490 2182 c.
519 2155 560 2164 —
588 2117 658 2181 Aus
686 2118 744 2181 der
773 2115 1015 2201 vollstttndigen
1044 2116 1235 2202 Sammlung

142 2215 207 2282 [E.
231 2216 361 2281 Becker
384 2218 416 2286 S.
439 2219 609 2284 228-235
635 2220 718 2303 gebo
746 2218 798 2283 ich
827 2218 984 2283 zuntehst
1005 2219 1132 2302 wenige
1159 2217 1234 2282 cha·

142 2318 335 2384 stetistische
368 2318 489 2384 Stelien
523 2319 583 2384 der
614 2319 701 2385 alten
734 2319 896 2407 Sprache:
929 2319 982 2384 Pl.
1017 2317 1137 2406 Amph.
1172 2319 1236 2384 830

142 2422 201 2486 seio
217 2421 289 2506 quis
304 2422 534 2507 praestigiator
549 2421 632 2487 hanc
647 2422 823 2487 frustratur
838 2420 1016 2489 mulierem.
1045 2421 1109 2485 424
1123 2422 1234 2485 neseio

142 2521 177 2586 de
196 2522 276 2587 haec
299 2523 354 2590 hiu
381 2524 554 2607 spectavit.
598 2523 665 2588 mii.
694 2524 751 2588 166
777 2524 888 2588 nescio
915 2522 996 2610 quid
1025 2521 1234 2587 malefactum

160 2631 214 2688 est
259 2624 342 2689 1258
364 2625 473 2687 neseio
494 2625 550 2690 obi
571 2625 624 2689 hic
647 2647 747 2712 prope
770 2626 873 2690 adest.
919 2625 1016 2688 Truc.
1040 2624 1104 2689 334
1125 2625 1234 2688 nescio

142 2744 189 2788 em
211 2726 455 2811 praestolatast.
499 2726 597 2790 Merc.
621 2728 685 2791 684
712 2727 822 2791 nescio
851 2735 966 2813 quaest
994 2726 1109 2789 mulier
1136 2726 1234 2790 intus.

142 2828 285 2891 {neseio
309 2828 408 2913 quoia
434 2850 501 2892 vox
529 2827 573 2892 ad
600 2824 686 2893 auris
716 2830 759 2892 mi
786 2827 967 2894 advolavit.
1014 2828 1074 2891 122
1095 2825 1174 2891 mali
1201 2850 1233 2891 n.

142 2927 173 2991 id
192 2931 332 2994 nuntiat.
369 2929 537 2993 Ρειι.227
561 2929 661 2994 habes
685 2954 715 2994 n.
740 2929 829 3017 quid.
867 2930 909 2994 99
931 2951 1032 3017 prope
1055 2951 1106 2993 me
1127 2928 1181 2994 hic
1202 2953 1233 2993 n.

142 3029 168 3094 is
188 3032 341 3118 loquitur.
381 3029 542 3095 Daeselbe
564 3032 651 3096 Rud.
668 3034 718 3097 97.
758 3030 875 3096 Pseud.
892 3032 954 3096 408
978 3033 1005 3095 is
1021 3055 1051 3095 n.
1068 3052 1129 3113 quo
1138 3036 1234 3114 pacto

142 3135 272 3197 tenensit
295 3133 395 3218 prius.
439 3132 540 3197 Poen.
563 3134 626 3198 338
649 3143 725 3199 sunt
746 3134 825 3198 mihi
848 3134 935 3199 intus
964 3157 993 3197 n.
1017 3139 1092 3215 quot
1111 3132 1235 3197 nummi
1294 3199 1296 3203 ,

142 3236 192 3298 eei.
230 3234 332 3299 Merc.
349 3235 412 3300 365
434 3232 591 3300 sollicitus
614 3237 692 3300 mihi
716 3237 825 3328 nescio
849 3259 912 3318 qua
934 3258 968 3301 rc
989 3258 1076 3299 nunc
1091 3235 1233 3300 videtur.

142 3358 177 3400 τι.
205 3336 269 3401 Ad.
298 3337 361 3401 635
388 3336 497 3423 prodit
524 3360 555 3400 n.
584 3338 666 3423 quis.
729 3337 769 3402 79
797 3359 828 3402 n.
857 3337 935 3423 quid
969 3339 1094 3401 tristem
1128 3336 1234 3402 video.

142 3437 197 3502 rdr.
220 3439 283 3504 855
305 3461 336 3501 n.
361 3440 417 3520 qai
438 3460 539 3503 senex
561 3438 656 3502 modo
680 3441 779 3503 venit.
825 3439 905 3503 Hec.
929 3440 992 3502 319
1015 3461 1046 3502 ιι.
1071 3441 1154 3521 qaod
1167 3460 1233 3502 ma-

142 3558 193 3604 um
214 3538 335 3605 malum
361 3578 397 3588 -
421 3563 472 3604 me
494 3540 590 3606 celas.
628 3540 693 3605 Ad.
710 3541 774 3606 605
795 3543 899 3626 magis
922 3551 998 3605 sunt
1020 3564 1052 3605 n.
1068 3562 1129 3622 qao
1144 3543 1234 3607 motio

142 3643 273 3728 *preiosi

181 3743 256 3810 cic.
274 3743 367 3810 Verr.
382 3744 412 3828 5,
429 3746 447 3809 7
463 3747 667 3831 excogitavit
688 3747 797 3809 nescio
814 3744 903 3831 quid,
920 3745 1040 3811 attulit.
1079 3744 1133 3809 fin.
1148 3745 1180 3826 4,
1193 3743 1235 3808 25

142 3841 222 3909 ferre
252 3847 339 3911 inter
369 3845 539 3911 honestum
574 3859 607 3912 et
632 3856 728 3932 turpe
755 3847 896 3911 nimium.
919 3857 1090 3932 quantum,
1125 3845 1234 3909 neseio

142 3939 176 4009 id
196 3949 397 4012 immensum.
442 3971 473 4034 p.
496 3950 638 4014 Arch.7
667 3958 734 4012 tum
763 3947 842 4013 illud
872 3971 901 4011 n.
927 3948 1005 4034 quid
1033 3943 1234 4031 praeclarum
1341 4015 1346 4024 ,

160 4048 444 4135 singulare‘soiere
466 4054 633 4116 exsistere.
671 4051 748 4114 fam.
770 4052 800 4132 7,
823 4052 852 4126 5,
876 4051 896 4112 2
918 4051 1011 4113 tanta
1031 4047 1096 4111 fuit
1118 4067 1232 4133 oppor-

142 4148 223 4233 sias,
244 4162 281 4217 ut
303 4149 385 4216 illud
407 4154 517 4216 neseio
540 4156 623 4235 quod
644 4175 708 4216 non
731 4153 911 4233 fortuitum,
934 4149 992 4214 sed
1015 4148 1161 4213 divinum
1185 4149 1232 4212 vi·

142 4261 230 4322 retur.
274 4256 306 4336 5,
331 4253 425 4336 15,3
453 4278 530 4319 casu
559 4278 589 4321 n.
619 4278 682 4341 quo
708 4255 741 4319 in
771 4276 809 4318 ea
836 4264 983 4339 tempora
1009 4260 1121 4314 nostra
1142 4258 1233 4313 aetas

142 4351 217 4436 cidit,
250 4365 290 4421 ut
317 4365 374 4420 ctt.
429 4356 519 4422 Ibid:
555 4357 612 4420 sed
647 4358 755 4421 nescio
790 4376 850 4436 qao
883 4355 972 4418 ruodo
997 4391 1034 4399 -—
1069 4352 1232 4415 videntur.

142 4464 185 4521 fut
210 4458 251 4525 86
284 4456 380 4522 addis
413 4458 510 4522 etiarn
539 4481 570 4524 n.
601 4458 679 4548 quid
707 4457 886 4541 augustius.
937 4478 967 4542 p.
993 4454 1101 4538 Dejot.
1124 4452 1157 4532 8,
1179 4452 1231 4516 24.
