2948 4988
550 262 792 356 -rnss

94 459 188 523 tavit.
232 459 327 524 Aueh
349 459 421 524 hier
441 459 544 526 findet
566 459 635 524 sich
657 461 705 526 als
729 461 887 528 Variante
919 461 972 527 die
992 463 1092 528 Form
1115 466 1241 530 dteerat

94 559 138 622 im
165 559 283 626 Codex
314 583 380 626 von
412 561 612 646 Tegernsee,
647 563 794 629 offenbar
825 586 884 629 aus
918 564 1238 631 Missverstttndniss.

96 660 203 732 Caes.
216 663 250 728 b.
267 684 296 726 e.
315 665 343 745 l,
360 662 400 727 87
417 685 491 727 eum
507 665 706 751 stipendium
726 666 769 731 ab
791 665 975 751 legionibus
998 666 1238 751 flagitarentur,

97 767 187 830 euius
215 763 264 828 1111
294 764 381 830 diem
409 765 553 830 nondum
583 767 714 832 venisse
746 767 901 833 dicerent.
950 767 1124 833 Vielleieht
1156 768 1240 833 auch

100 868 127 947 1,
141 868 184 932 20
206 867 381 939 dissentire
404 868 563 953 incipiunt
585 889 721 956 eamque
743 870 855 958 oppidi
877 879 1014 955 partem,
1039 892 1122 956 quae
1137 871 1239 935 muni·

101 969 223 1034 tissima
245 970 414 1049 videretur,
443 981 613 1056 occupant.
657 972 738 1036 Dies
763 973 849 1037 kann
873 973 953 1037 aber
974 972 1057 1036 auch
1080 974 1132 1037 ein
1155 972 1239 1038 Oon-

97 1069 223 1153 junctiv
251 1069 311 1134 der
338 1071 602 1138 Besohaffenheit
631 1074 711 1139 sein.
762 1073 860 1139 Sonst
887 1073 979 1159 giebt
1006 1094 1040 1139 es
1072 1097 1134 1138 nur
1156 1073 1240 1138 noch

100 1172 166 1238 eins
192 1171 296 1239 Stelle
325 1172 379 1237 bei
406 1172 483 1238 Sall.
508 1174 580 1239 Oat.
604 1175 647 1240 49
677 1175 902 1259 ementiundo,
932 1197 1015 1262 quae
1042 1197 1077 1240 se
1099 1197 1142 1240 ex
1164 1175 1241 1241 Vol·

98 1275 198 1340 aneio
222 1313 264 1324 -
286 1273 418 1339 audisse
441 1274 596 1340 dicerent.

249 1437 284 1506 2.
320 1433 488 1528 Lopisene
515 1435 736 1508 Funete'onen
761 1438 824 1508 der
852 1437 1092 1511 sennenn.

92 1626 95 1631 .
181 1567 210 1647 §-
232 1564 306 1629 488.
343 1563 568 1631 Relativsittze
589 1566 649 1630 mit
670 1566 1026 1651 restringirender
1047 1566 1241 1654 Bedeutung

68 1667 211 1731 stehen
239 1665 439 1731 namentlich
471 1665 524 1732 bei
556 1665 762 1732 klassisehen
789 1670 937 1735 Autoren
970 1670 1014 1734 im
1041 1671 1242 1756 potentialen

65 1765 308 1855 Oonjunetiv,
332 1790 587 1855 ausgenommen
603 1792 697 1835 wenn
711 1771 763 1835 ihr
777 1769 930 1837 Pradieat
944 1773 1056 1837 attinet
1074 1771 1153 1836 oder
1169 1772 1259 1836 eine¹

59 1864 196 1934 Form
217 1891 281 1936 von
298 1891 391 1954 pesse
412 1871 490 1936 oder
512 1891 575 1937 esse
596 1871 655 1955 ist,
678 1871 754 1936 sehr
775 1870 879 1937 selten
902 1871 1030 1939 kommt
1050 1873 1133 1938 auch
1151 1894 1243 1957 posse

58 1966 130 2033 im
168 1971 367 2060 Gonjunctiv
390 1993 460 2037 vor.

184 2074 286 2139 Beide
296 2074 388 2139 Modi
403 2073 514 2137 finden
533 2074 601 2138 sich
617 2074 717 2138 sehon
732 2074 766 2137 in
782 2074 841 2139 der
856 2074 1068 2142 arehaisehen
1079 2075 1239 2164 Spraehe:

56 2166 126 2234 Pl
142 2185 227 2242 aut.
250 2176 339 2240 Men.
361 2176 425 2241 500
451 2198 516 2240 non
542 2173 659 2263 edepol
688 2197 747 2260 ego
771 2185 821 2260 te,
852 2179 935 2259 qnod
954 2180 1068 2258 setam,
1096 2200 1242 2264 unquam

59 2283 176 2342 ante
196 2276 280 2343 huno
303 2278 390 2342 diem
421 2276 499 2343 vidi.
543 2276 704 2342 Dasselbe
732 2279 816 2344 auch
839 2278 936 2343 Most.
961 2280 1043 2343 1010
1064 2279 1132 2344 und
1154 2279 1242 2344 Ter.

63 2371 168 2442 Ad.
194 2380 264 2444 641.
319 2378 360 2444 In
388 2378 577 2445 demselben
606 2378 722 2445 Siune:
757 2378 810 2444 Pl.
840 2380 938 2464 Epid.
964 2381 1002 2463 5,
1028 2385 1059 2465 1,
1081 2382 1123 2446 32
1154 2381 1241 2468 quod

65 2476 230 2554 quidem
258 2503 345 2545 nune
372 2484 479 2547 veniat
505 2484 541 2546 in
568 2486 700 2547 ntentern
727 2480 817 2546 mihi.
861 2481 1022 2568 Dagegen
1050 2482 1109 2547 der
1131 2482 1241 2547 Indi·

67 2584 226 2648 0ativ:
252 2581 330 2648 Aul.
354 2584 389 2666 4,
414 2584 468 2664 10,
491 2584 533 2648 39
561 2582 648 2669 quod
676 2583 719 2648 ad
747 2582 821 2647 med
850 2585 970 2650 attinet.
1015 2584 1156 2649 Formen
1178 2606 1242 2649 von

67 2690 189 2751 P⁰Sse
208 2686 275 2751 und
296 2705 360 2751 esse
381 2685 507 2750 werden
532 2694 599 2749 erst
620 2706 678 2748 aus
701 2684 853 2749 Terenz
877 2685 1066 2771 angefiihrt:
1094 2685 1157 2753 Ad.
1179 2686 1240 2750 511

72 2769 207 2872 ἱδῐειω,
229 2788 317 2875 quod
333 2797 437 2875 potes,
460 2787 515 2851 fae
529 2785 695 2852 consolere
709 2786 745 2874 (i.
763 2809 791 2851 e.
807 2797 963 2874 quantum
979 2791 1096 2875 potes).
1120 2786 1241 2852 Heaut.

75 2873 163 2947 416
192 2911 282 2971 nam,
317 2891 403 2976 quod
432 2898 563 2976 potero,
596 2888 751 2955 adiutabo
780 2912 900 2955 senem.
953 2891 1037 2954 Eun.
1064 2890 1128 2953 214
1156 2889 1244 2975 quod

78 2991 232 3084 iff0teris.
276 2991 341 3056 Ad.
363 2991 426 3055 692
447 2990 624 3075 prodidisti
646 3002 679 3056 et
702 3001 734 3056 te
757 2999 790 3056 et
811 2991 902 3056 illam
925 2991 1075 3078 -quod
1107 2989 1242 3076 quidem

81 3093 121 3141 ”²
153 3095 188 3157 te
203 3093 276 3174 fnit.

186 3195 244 3260 Bei
278 3195 422 3260 Cicero
456 3195 528 3259 tritt
561 3195 632 3258 eine
665 3202 815 3281 grdssere
845 3194 1155 3280 Mannigfaltigkeit
1185 3194 1244 3257 der

10 3316 12 3323 ·
86 3274 431 3383 Conjmeuvformen
452 3296 524 3361 auf:
553 3297 607 3360 fin.
630 3297 666 3379 2,
689 3297 731 3361 26
759 3297 847 3382 quod
874 3299 983 3362 setene.
1028 3296 1191 3362 Dasselbe
1213 3296 1243 3376 2,

87 3373 1244 3485 &nemneananmumnmmm-

91 3477 181 3595 ‘iem
200 3501 298 3586 digna
319 3502 510 3583 statuissent,
532 3500 701 3586 inquibus
717 3499 931 3565 elaborarent.
972 3504 999 3582 1,
1017 3501 1055 3564 16
1071 3500 1141 3583 sed,
1157 3498 1244 3587 quod

94 3575 219 3667 htteris
240 3608 345 3682 exstet,
367 3600 573 3689 Pherecydes
597 3603 720 3689 primus
744 3603 838 3671 dixit.
881 3603 912 3685 5,
937 3602 977 3666 19
1006 3603 1151 3666 omnium
1181 3600 1244 3666 elo·

99 3702 423 3791 iusseruntque
448 3726 508 3788 ego
531 3706 699 3771 audierim.
744 3705 828 3769 Tim.
856 3707 868 3767 l
894 3705 1049 3788 omnium,
1071 3726 1152 3791 quos
1176 3704 1245 3790 qui-

103 3783 183 3866 dem
202 3828 259 3892 ego
282 3807 458 3885 audierim,
489 3804 586 3870 facile
615 3806 776 3892 princeps.
821 3806 873 3872 off.
897 3808 933 3889 3,
958 3809 975 3871 7
1005 3804 1090 3892 quod
1120 3806 1245 3887 quidem

108 3894 190 3968 mihi
203 3909 400 3990 probaretnr.
444 3908 535 3972 Brut.
558 3908 616 3990 55,
639 3908 702 3973 203
730 3908 783 3972 vel
810 3909 951 3972 maxime
977 3907 1137 3989 omnium,
1164 3926 1244 3993 quos

113 3997 234 4077 quidem
263 4031 323 4095 ego
351 4008 551 4091 audiverim,
578 4010 726 4094 grandis.
773 4012 827 4088 17,
850 4011 891 4074 05
920 4010 1081 4075 orationes
1104 4008 1245 4094 amplius

120 4112 235 4174 ientum
254 4113 501 4199 quinquaginta,
524 4132 604 4197 quas
626 4110 758 4197 quidem
781 4132 839 4196 ego
862 4112 1034 4176 invenerim
1056 4119 1089 4174 et
1111 4110 1246 4193 leyenm.

126 4194 352 4312 1811809101
381 4214 513 4300 quidem
542 4234 603 4298 ego
631 4214 834 4297 coenaverim.
879 4210 953 4275 fam.
975 4212 1011 4292 2,
1038 4210 1092 4294 16,
1117 4213 1133 4274 1
1158 4208 1245 4296 quod

130 4319 188 4384 ι1ΒΘ
205 4316 329 4381 adeum.
369 4315 398 4393 3,
418 4319 446 4397 1,
468 4318 481 4379 1
505 4316 600 4380 homo
622 4338 687 4382 non
710 4316 804 4380 modo
827 4314 981 4400 prudens,
1004 4311 1244 4392 verumetiam,

137 4409 475 4502 sustinuerimus
499 4418 533 4502 (i.
557 4439 586 4482 e.
607 4417 669 4501 ita,
698 4428 734 4482 ut
762 4427 871 4481 tamen
898 4413 1051 4480 molestus
1074 4435 1140 4479 non
1161 4412 1245 4499 fiat).
