<?xml version="1.0" encoding="UTF-8"?>
<!DOCTYPE html PUBLIC "-//W3C//DTD XHTML 1.0 Transitional//EN"
    "http://www.w3.org/TR/xhtml1/DTD/xhtml1-transitional.dtd">
<html xmlns="http://www.w3.org/1999/xhtml" xml:lang="en" lang="en">
 <head>
  <title>
</title>
<meta http-equiv="Content-Type" content="text/html;charset=utf-8" />
  <meta name='ocr-system' content='tesseract 3.04.00' />
  <meta name='ocr-capabilities' content='ocr_page ocr_carea ocr_par ocr_line ocrx_word'/>
</head>
<body>
  <div class='ocr_page' id='page_1' title='image "./historischesynt01draegoog/historischesynt01draegoog_0528.png"; bbox 0 0 2948 4988; ppageno 0'>
   <div class='ocr_carea' id='block_1_1' title="bbox 524 285 752 350">
    <p class='ocr_par' dir='ltr' id='par_1_1' title="bbox 524 285 752 350">
     <span class='ocr_line' id='line_1_1' title="bbox 524 285 752 350; baseline 0 0"><span class='ocrx_word' id='word_1_1' title='bbox 524 285 752 350; x_wconf 77' lang='lat'>-503-</span> 
     </span>
    </p>
   </div>
   <div class='ocr_carea' id='block_1_2' title="bbox 142 452 1208 1150">
    <p class='ocr_par' dir='ltr' id='par_1_2' title="bbox 142 452 1208 1150">
     <span class='ocr_line' id='line_1_2' title="bbox 144 452 1207 539; baseline 0.001 -21"><span class='ocrx_word' id='word_1_2' title='bbox 144 453 256 518; x_wconf 83' lang='lat' dir='ltr'><strong>Caes.</strong></span> <span class='ocrx_word' id='word_1_3' title='bbox 279 454 312 518; x_wconf 94' lang='lat' dir='ltr'><strong>b.</strong></span> <span class='ocrx_word' id='word_1_4' title='bbox 334 474 367 536; x_wconf 89' lang='lat' dir='ltr'><strong>g.</strong></span> <span class='ocrx_word' id='word_1_5' title='bbox 389 453 420 532; x_wconf 88' lang='grc'><strong>2,</strong></span> <span class='ocrx_word' id='word_1_6' title='bbox 443 452 482 516; x_wconf 92' lang='grc'><strong>21</strong></span> <span class='ocrx_word' id='word_1_7' title='bbox 507 476 572 518; x_wconf 91' lang='lat' dir='ltr'><strong>non</strong></span> <span class='ocrx_word' id='word_1_8' title='bbox 594 453 721 539; x_wconf 86' lang='lat' dir='ltr'><strong>longius</strong></span> <span class='ocrx_word' id='word_1_9' title='bbox 743 453 852 517; x_wconf 85' lang='lat' dir='ltr'><strong>hostes</strong></span> <span class='ocrx_word' id='word_1_10' title='bbox 874 455 1011 518; x_wconf 79' lang='lat' dir='ltr'><strong>uberent</strong></span> <span class='ocrx_word' id='word_1_11' title='bbox 1033 475 1130 539; x_wconf 78' lang='lat' dir='ltr'><strong>quam</strong></span> <span class='ocrx_word' id='word_1_12' title='bbox 1145 475 1207 536; x_wconf 77' lang='lat' dir='ltr'><strong>quo</strong></span> 
     </span>
     <span class='ocr_line' id='line_1_3' title="bbox 142 553 1205 641; baseline 0 -23"><span class='ocrx_word' id='word_1_13' title='bbox 142 577 161 618; x_wconf 92' lang='lat' dir='ltr'><strong>n</strong></span> <span class='ocrx_word' id='word_1_14' title='bbox 183 554 270 618; x_wconf 80' lang='lat' dir='ltr'><strong>adici</strong></span> <span class='ocrx_word' id='word_1_15' title='bbox 293 564 405 640; x_wconf 88' lang='lat' dir='ltr'><strong>posset</strong></span> <span class='ocrx_word' id='word_1_16' title='bbox 428 556 483 638; x_wconf 87' lang='lat'><strong>(=</strong></span> <span class='ocrx_word' id='word_1_17' title='bbox 506 565 543 618; x_wconf 93' lang='lat' dir='ltr'><strong>ut</strong></span> <span class='ocrx_word' id='word_1_18' title='bbox 565 555 626 639; x_wconf 84' lang='lat' dir='ltr'><strong>eo).</strong></span> <span class='ocrx_word' id='word_1_19' title='bbox 664 555 695 632; x_wconf 88' lang='grc'><strong>2,</strong></span> <span class='ocrx_word' id='word_1_20' title='bbox 710 556 753 619; x_wconf 88' lang='grc'><strong>33</strong></span> <span class='ocrx_word' id='word_1_21' title='bbox 774 565 889 620; x_wconf 80' lang='lat' dir='ltr'><strong>contre</strong></span> <span class='ocrx_word' id='word_1_22' title='bbox 910 567 959 620; x_wconf 78' lang='lat' dir='ltr'><strong>eos</strong></span> <span class='ocrx_word' id='word_1_23' title='bbox 981 556 1036 641; x_wconf 92' lang='lat' dir='ltr'><strong>qui</strong></span> <span class='ocrx_word' id='word_1_24' title='bbox 1059 577 1101 620; x_wconf 85' lang='lat' dir='ltr'><strong>ex</strong></span> <span class='ocrx_word' id='word_1_25' title='bbox 1118 553 1205 619; x_wconf 83' lang='lat' dir='ltr'><strong>vallo</strong></span> 
     </span>
     <span class='ocr_line' id='line_1_4' title="bbox 144 656 1205 743; baseline -0.003 -22"><span class='ocrx_word' id='word_1_26' title='bbox 144 657 271 742; x_wconf 91' lang='lat' dir='ltr'><strong>busque</strong></span> <span class='ocrx_word' id='word_1_27' title='bbox 293 656 359 723; x_wconf 85' lang='lat' dir='ltr'><strong>tela</strong></span> <span class='ocrx_word' id='word_1_28' title='bbox 381 656 532 735; x_wconf 83' lang='lat' dir='ltr'><strong>iacerent,</strong></span> <span class='ocrx_word' id='word_1_29' title='bbox 550 657 689 743; x_wconf 79' lang='lat' dir='ltr'>pugnari</span> <span class='ocrx_word' id='word_1_30' title='bbox 711 657 835 721; x_wconf 89' lang='lat' dir='ltr'>debuit.</span> <span class='ocrx_word' id='word_1_31' title='bbox 869 658 899 739; x_wconf 85' lang='lat'><strong>4,</strong></span> <span class='ocrx_word' id='word_1_32' title='bbox 915 659 967 740; x_wconf 92' lang='grc'><strong>21,</strong></span> <span class='ocrx_word' id='word_1_33' title='bbox 991 659 1021 722; x_wconf 89' lang='lat'><strong>9.</strong></span> <span class='ocrx_word' id='word_1_34' title='bbox 1049 657 1080 735; x_wconf 87' lang='grc'><strong>4,</strong></span> <span class='ocrx_word' id='word_1_35' title='bbox 1102 657 1154 735; x_wconf 93' lang='grc'><strong>34,</strong></span> <span class='ocrx_word' id='word_1_36' title='bbox 1176 658 1205 720; x_wconf 90' lang='grc'><strong>4.</strong></span> 
     </span>
     <span class='ocr_line' id='line_1_5' title="bbox 142 757 1207 845; baseline -0.002 -22"><span class='ocrx_word' id='word_1_37' title='bbox 142 763 154 822; x_wconf 99' lang='lat' dir='ltr'><strong>l</strong></span> <span class='ocrx_word' id='word_1_38' title='bbox 187 760 235 823; x_wconf 89' lang='lat' dir='ltr'><strong>sic</strong></span> <span class='ocrx_word' id='word_1_39' title='bbox 258 796 297 806; x_wconf 94' lang='lat'>-</span> <span class='ocrx_word' id='word_1_40' title='bbox 320 768 357 822; x_wconf 91' lang='lat' dir='ltr'><strong>ut</strong></span> <span class='ocrx_word' id='word_1_41' title='bbox 385 757 504 845; x_wconf 91' lang='lat' dir='ltr'><strong>quibus</strong></span> <span class='ocrx_word' id='word_1_42' title='bbox 533 771 620 822; x_wconf 85' lang='lat' dir='ltr'><strong>esset</strong></span> <span class='ocrx_word' id='word_1_43' title='bbox 648 780 838 843; x_wconf 78' lang='lat' dir='ltr'><strong>persuasum</strong></span> <span class='ocrx_word' id='word_1_44' title='bbox 861 761 922 842; x_wconf 86' lang='lat'><strong>(=</strong></span> <span class='ocrx_word' id='word_1_45' title='bbox 943 769 981 823; x_wconf 93' lang='lat' dir='ltr'><strong>ut</strong></span> <span class='ocrx_word' id='word_1_46' title='bbox 1009 760 1032 822; x_wconf 92' lang='lat' dir='ltr'><strong>ii</strong></span> <span class='ocrx_word' id='word_1_47' title='bbox 1060 759 1207 845; x_wconf 90' lang='lat' dir='ltr'><strong>quibus).</strong></span> 
     </span>
     <span class='ocr_line' id='line_1_6' title="bbox 165 859 1208 947; baseline 0 -23"><span class='ocrx_word' id='word_1_48' title='bbox 165 861 197 944; x_wconf 97' lang='grc'><strong>2,</strong></span> <span class='ocrx_word' id='word_1_49' title='bbox 222 863 238 924; x_wconf 94' lang='grc'><strong>1</strong></span> <span class='ocrx_word' id='word_1_50' title='bbox 262 860 388 946; x_wconf 85' lang='lat' dir='ltr'><strong>reliqua</strong></span> <span class='ocrx_word' id='word_1_51' title='bbox 410 871 532 947; x_wconf 76' lang='lat' dir='ltr'><strong>quanta</strong></span> <span class='ocrx_word' id='word_1_52' title='bbox 554 865 728 946; x_wconf 75' lang='grc' dir='ltr'><strong>6611ριιι6)</strong></span> <span class='ocrx_word' id='word_1_53' title='bbox 758 882 842 946; x_wconf 83' lang='lat' dir='ltr'><strong>quae</strong></span> <span class='ocrx_word' id='word_1_54' title='bbox 870 861 994 925; x_wconf 83' lang='lat' dir='ltr'><strong>aditum</strong></span> <span class='ocrx_word' id='word_1_55' title='bbox 1022 861 1143 926; x_wconf 78' lang='lat' dir='ltr'><strong>habeat</strong></span> <span class='ocrx_word' id='word_1_56' title='bbox 1165 859 1208 924; x_wconf 85' lang='lat' dir='ltr'><strong>ab</strong></span> 
     </span>
     <span class='ocr_line' id='line_1_7' title="bbox 142 951 1207 1050; baseline -0.001 -23"><span class='ocrx_word' id='word_1_57' title='bbox 142 992 157 1027; x_wconf 79' lang='grc' dir='ltr'><strong>ι.</strong></span> <span class='ocrx_word' id='word_1_58' title='bbox 196 962 228 1026; x_wconf 93' lang='lat' dir='ltr'><strong>b.</strong></span> <span class='ocrx_word' id='word_1_59' title='bbox 251 986 282 1047; x_wconf 92' lang='lat' dir='ltr'><strong>g.</strong></span> <span class='ocrx_word' id='word_1_60' title='bbox 307 965 338 1044; x_wconf 92' lang='lat'><strong>7,</strong></span> <span class='ocrx_word' id='word_1_61' title='bbox 360 964 400 1027; x_wconf 98' lang='lat'><strong>77</strong></span> <span class='ocrx_word' id='word_1_62' title='bbox 424 965 480 1049; x_wconf 92' lang='lat' dir='ltr'><strong>qui</strong></span> <span class='ocrx_word' id='word_1_63' title='bbox 503 951 538 1026; x_wconf 84' lang='lat' dir='ltr'><strong>se</strong></span> <span class='ocrx_word' id='word_1_64' title='bbox 560 960 645 1026; x_wconf 89' lang='lat' dir='ltr'><strong>ultro</strong></span> <span class='ocrx_word' id='word_1_65' title='bbox 668 962 763 1026; x_wconf 90' lang='lat' dir='ltr'><strong>morti</strong></span> <span class='ocrx_word' id='word_1_66' title='bbox 787 961 939 1043; x_wconf 84' lang='lat' dir='ltr'><strong>offerant,</strong></span> <span class='ocrx_word' id='word_1_67' title='bbox 962 962 1093 1028; x_wconf 83' lang='lat' dir='ltr'><strong>facilius</strong></span> <span class='ocrx_word' id='word_1_68' title='bbox 1115 984 1207 1050; x_wconf 89' lang='lat' dir='ltr'><strong>repe-</strong></span> 
     </span>
     <span class='ocr_line' id='line_1_8' title="bbox 142 1059 1208 1150; baseline -0.002 -20"><span class='ocrx_word' id='word_1_69' title='bbox 142 1076 199 1148; x_wconf 83' lang='lat' dir='ltr'><strong>tur,</strong></span> <span class='ocrx_word' id='word_1_70' title='bbox 222 1087 320 1150; x_wconf 84' lang='lat' dir='ltr'><strong>quam</strong></span> <span class='ocrx_word' id='word_1_71' title='bbox 343 1064 398 1150; x_wconf 91' lang='lat' dir='ltr'><strong>qui</strong></span> <span class='ocrx_word' id='word_1_72' title='bbox 422 1063 566 1128; x_wconf 92' lang='lat' dir='ltr'><strong>dolorem</strong></span> <span class='ocrx_word' id='word_1_73' title='bbox 588 1065 749 1150; x_wconf 83' lang='lat' dir='ltr'><strong>patienter</strong></span> <span class='ocrx_word' id='word_1_74' title='bbox 771 1059 886 1128; x_wconf 84' lang='lat' dir='ltr'><strong>l&#39;e&#39;rant.</strong></span> <span class='ocrx_word' id='word_1_75' title='bbox 927 1065 1100 1150; x_wconf 79' lang='lat' dir='ltr'><strong>(Degegen</strong></span> <span class='ocrx_word' id='word_1_76' title='bbox 1122 1064 1208 1128; x_wconf 79' lang='lat' dir='ltr'><strong>Mar·</strong></span> 
     </span>
    </p>
   </div>
   <div class='ocr_carea' id='block_1_3' title="bbox 142 1165 1207 1351">
    <p class='ocr_par' dir='ltr' id='par_1_3' title="bbox 142 1165 1207 1351">
     <span class='ocr_line' id='line_1_9' title="bbox 148 1165 1207 1255; baseline 0.001 -24"><span class='ocrx_word' id='word_1_77' title='bbox 148 1170 198 1247; x_wconf 95' lang='grc'><strong>11,</strong></span> <span class='ocrx_word' id='word_1_78' title='bbox 226 1167 281 1251; x_wconf 84' lang='grc'><strong>56,</strong></span> <span class='ocrx_word' id='word_1_79' title='bbox 312 1168 350 1231; x_wconf 87' lang='grc'><strong>16</strong></span> <span class='ocrx_word' id='word_1_80' title='bbox 378 1167 508 1231; x_wconf 83' lang='grc' dir='ltr'><strong>1οι1116ι</strong></span> <span class='ocrx_word' id='word_1_81' title='bbox 535 1165 590 1230; x_wconf 88' lang='grc'><strong>1116</strong></span> <span class='ocrx_word' id='word_1_82' title='bbox 622 1166 717 1247; x_wconf 81' lang='lat' dir='ltr'><strong>facit,</strong></span> <span class='ocrx_word' id='word_1_83' title='bbox 750 1167 806 1251; x_wconf 89' lang='lat' dir='ltr'><strong>qui</strong></span> <span class='ocrx_word' id='word_1_84' title='bbox 841 1168 939 1230; x_wconf 88' lang='lat' dir='ltr'><strong>miser</strong></span> <span class='ocrx_word' id='word_1_85' title='bbox 971 1189 1043 1232; x_wconf 90' lang='lat' dir='ltr'><strong>esse</strong></span> <span class='ocrx_word' id='word_1_86' title='bbox 1076 1169 1207 1255; x_wconf 89' lang='lat' dir='ltr'><strong>potest.)</strong></span> 
     </span>
     <span class='ocr_line' id='line_1_10' title="bbox 142 1267 849 1351; baseline 0 -20"><span class='ocrx_word' id='word_1_87' title='bbox 142 1292 198 1334; x_wconf 74' lang='lat' dir='ltr'><strong>»os</strong></span> <span class='ocrx_word' id='word_1_88' title='bbox 221 1273 290 1334; x_wconf 88' lang='lat' dir='ltr'><strong>Att.</strong></span> <span class='ocrx_word' id='word_1_89' title='bbox 314 1270 399 1347; x_wconf 61' lang='lat'><strong>3‚›3.</strong></span> <span class='ocrx_word' id='word_1_90' title='bbox 431 1269 479 1351; x_wconf 89' lang='grc'><strong>14,</strong></span> <span class='ocrx_word' id='word_1_91' title='bbox 501 1269 533 1332; x_wconf 88' lang='grc'><strong>2.</strong></span> <span class='ocrx_word' id='word_1_92' title='bbox 569 1267 665 1332; x_wconf 87' lang='lat' dir='ltr'><strong>Mehr</strong></span> <span class='ocrx_word' id='word_1_93' title='bbox 687 1291 713 1332; x_wconf 94' lang='lat' dir='ltr'><strong>s.</strong></span> <span class='ocrx_word' id='word_1_94' title='bbox 737 1278 849 1332; x_wconf 88' lang='lat' dir='ltr'><strong>unten.</strong></span> 
     </span>
    </p>
   </div>
   <div class='ocr_carea' id='block_1_4' title="bbox 142 1402 1210 2409">
    <p class='ocr_par' dir='ltr' id='par_1_4' title="bbox 142 1402 1210 2409">
     <span class='ocr_line' id='line_1_11' title="bbox 147 1402 1209 1489; baseline 0.003 -20"><span class='ocrx_word' id='word_1_95' title='bbox 147 1405 231 1470; x_wconf 87' lang='lat' dir='ltr'><strong>Liv.</strong></span> <span class='ocrx_word' id='word_1_96' title='bbox 254 1405 285 1485; x_wconf 86' lang='lat'><strong>3,</strong></span> <span class='ocrx_word' id='word_1_97' title='bbox 309 1404 350 1468; x_wconf 81' lang='grc'><strong>72</strong></span> <span class='ocrx_word' id='word_1_98' title='bbox 371 1426 447 1468; x_wconf 83' lang='lat' dir='ltr'><strong>nam</strong></span> <span class='ocrx_word' id='word_1_99' title='bbox 474 1402 581 1468; x_wconf 83' lang='lat' dir='ltr'><strong>famae</strong></span> <span class='ocrx_word' id='word_1_100' title='bbox 609 1402 740 1489; x_wconf 83' lang='lat' dir='ltr'><strong>quidem</strong></span> <span class='ocrx_word' id='word_1_101' title='bbox 769 1415 801 1468; x_wconf 90' lang='lat' dir='ltr'><strong>et</strong></span> <span class='ocrx_word' id='word_1_102' title='bbox 829 1404 906 1469; x_wconf 89' lang='lat' dir='ltr'><strong>fidei</strong></span> <span class='ocrx_word' id='word_1_103' title='bbox 934 1402 1055 1470; x_wconf 81' lang='lat' dir='ltr'><strong>damna</strong></span> <span class='ocrx_word' id='word_1_104' title='bbox 1082 1407 1209 1472; x_wconf 83' lang='lat' dir='ltr'><strong>maiora</strong></span> 
     </span>
     <span class='ocr_line' id='line_1_12' title="bbox 142 1505 1207 1591; baseline -0.003 -17"><span class='ocrx_word' id='word_1_105' title='bbox 142 1559 144 1574; x_wconf 86' lang='lat'><strong>.</strong></span> <span class='ocrx_word' id='word_1_106' title='bbox 166 1528 265 1589; x_wconf 78' lang='lat' dir='ltr'><strong>quom</strong></span> <span class='ocrx_word' id='word_1_107' title='bbox 287 1527 367 1588; x_wconf 78' lang='lat' dir='ltr'><strong>quoe</strong></span> <span class='ocrx_word' id='word_1_108' title='bbox 389 1507 555 1570; x_wconf 80' lang='lat' dir='ltr'><strong>aestimari</strong></span> <span class='ocrx_word' id='word_1_109' title='bbox 577 1515 720 1591; x_wconf 81' lang='lat' dir='ltr'><strong>possent.</strong></span> <span class='ocrx_word' id='word_1_110' title='bbox 758 1505 847 1591; x_wconf 84' lang='lat' dir='ltr'><strong>(Vgl.</strong></span> <span class='ocrx_word' id='word_1_111' title='bbox 872 1508 956 1571; x_wconf 86' lang='lat' dir='ltr'><strong>oben</strong></span> <span class='ocrx_word' id='word_1_112' title='bbox 972 1507 1039 1572; x_wconf 83' lang='lat' dir='ltr'><strong>Cic.</strong></span> <span class='ocrx_word' id='word_1_113' title='bbox 1064 1507 1159 1572; x_wconf 90' lang='lat' dir='ltr'><strong>Verr.</strong></span> <span class='ocrx_word' id='word_1_114' title='bbox 1175 1509 1207 1589; x_wconf 87' lang='lat'><strong>4,</strong></span> 
     </span>
     <span class='ocr_line' id='line_1_13' title="bbox 169 1607 1208 1695; baseline 0.001 -22"><span class='ocrx_word' id='word_1_115' title='bbox 169 1609 225 1692; x_wconf 91' lang='grc'><strong>26,</strong></span> <span class='ocrx_word' id='word_1_116' title='bbox 261 1610 299 1672; x_wconf 87' lang='grc'><strong>12</strong></span> <span class='ocrx_word' id='word_1_117' title='bbox 327 1610 403 1694; x_wconf 85' lang='lat' dir='ltr'><strong>quia</strong></span> <span class='ocrx_word' id='word_1_118' title='bbox 433 1607 557 1671; x_wconf 84' lang='lat' dir='ltr'><strong>maiora</strong></span> <span class='ocrx_word' id='word_1_119' title='bbox 589 1610 622 1671; x_wconf 92' lang='lat' dir='ltr'><strong>in</strong></span> <span class='ocrx_word' id='word_1_120' title='bbox 651 1608 834 1672; x_wconf 87' lang='lat' dir='ltr'><strong>defectione</strong></span> <span class='ocrx_word' id='word_1_121' title='bbox 862 1608 1082 1695; x_wconf 84' lang='lat' dir='ltr'><strong>deliquerant,</strong></span> <span class='ocrx_word' id='word_1_122' title='bbox 1111 1631 1208 1695; x_wconf 81' lang='lat' dir='ltr'><strong>quam</strong></span> 
     </span>
     <span class='ocr_line' id='line_1_14' title="bbox 142 1709 1209 1797; baseline 0.002 -23"><span class='ocrx_word' id='word_1_123' title='bbox 142 1733 180 1774; x_wconf 85' lang='lat' dir='ltr'><strong>us</strong></span> <span class='ocrx_word' id='word_1_124' title='bbox 208 1712 336 1795; x_wconf 78' lang='lat' dir='ltr'><strong>ignosci</strong></span> <span class='ocrx_word' id='word_1_125' title='bbox 365 1719 484 1795; x_wconf 89' lang='lat' dir='ltr'><strong>posset.</strong></span> <span class='ocrx_word' id='word_1_126' title='bbox 524 1709 631 1790; x_wconf 86' lang='lat' dir='ltr'><strong>(Eben</strong></span> <span class='ocrx_word' id='word_1_127' title='bbox 660 1732 696 1773; x_wconf 91' lang='lat' dir='ltr'><strong>so</strong></span> <span class='ocrx_word' id='word_1_128' title='bbox 724 1709 828 1774; x_wconf 87' lang='lat' dir='ltr'><strong>Ovid</strong></span> <span class='ocrx_word' id='word_1_129' title='bbox 856 1732 898 1774; x_wconf 91' lang='lat' dir='ltr'><strong>m.</strong></span> <span class='ocrx_word' id='word_1_130' title='bbox 928 1711 959 1793; x_wconf 88' lang='grc'><strong>6,</strong></span> <span class='ocrx_word' id='word_1_131' title='bbox 990 1711 1074 1797; x_wconf 82' lang='lat'><strong>195.)</strong></span> <span class='ocrx_word' id='word_1_132' title='bbox 1118 1713 1209 1776; x_wconf 91' lang='lat' dir='ltr'><strong>Aber</strong></span> 
     </span>
     <span class='ocr_line' id='line_1_15' title="bbox 142 1811 1207 1899; baseline 0.002 -23"><span class='ocrx_word' id='word_1_133' title='bbox 142 1846 145 1876; x_wconf 84' lang='grc' dir='ltr'>ι</span> <span class='ocrx_word' id='word_1_134' title='bbox 167 1834 265 1895; x_wconf 77' lang='lat' dir='ltr'><strong>quam</strong></span> <span class='ocrx_word' id='word_1_135' title='bbox 286 1816 338 1876; x_wconf 77' lang='lat' dir='ltr'><strong>ut:</strong></span> <span class='ocrx_word' id='word_1_136' title='bbox 372 1812 459 1875; x_wconf 88' lang='lat' dir='ltr'><strong>Liv.</strong></span> <span class='ocrx_word' id='word_1_137' title='bbox 483 1811 534 1893; x_wconf 88' lang='grc'><strong>40,</strong></span> <span class='ocrx_word' id='word_1_138' title='bbox 556 1811 598 1875; x_wconf 83' lang='grc'><strong>56</strong></span> <span class='ocrx_word' id='word_1_139' title='bbox 621 1815 758 1878; x_wconf 90' lang='lat' dir='ltr'><strong>Perseus</strong></span> <span class='ocrx_word' id='word_1_140' title='bbox 781 1814 945 1897; x_wconf 88' lang='lat' dir='ltr'><strong>potentior</strong></span> <span class='ocrx_word' id='word_1_141' title='bbox 973 1811 1104 1899; x_wconf 86' lang='lat' dir='ltr'><strong>quidem</strong></span> <span class='ocrx_word' id='word_1_142' title='bbox 1127 1824 1207 1897; x_wconf 80' lang='lat' dir='ltr'><strong>erat,</strong></span> 
     </span>
     <span class='ocr_line' id='line_1_16' title="bbox 142 1911 1208 1998; baseline 0.001 -20"><span class='ocrx_word' id='word_1_143' title='bbox 142 1924 216 1979; x_wconf 90' lang='lat' dir='ltr'><strong>nut</strong></span> <span class='ocrx_word' id='word_1_144' title='bbox 238 1914 352 1998; x_wconf 78' lang='lat' dir='ltr'><strong>fugam</strong></span> <span class='ocrx_word' id='word_1_145' title='bbox 373 1913 591 1976; x_wconf 80' lang='lat' dir='ltr'><strong>necessariam</strong></span> <span class='ocrx_word' id='word_1_146' title='bbox 614 1911 758 1977; x_wconf 88' lang='lat' dir='ltr'><strong>duceret.</strong></span> <span class='ocrx_word' id='word_1_147' title='bbox 773 1950 815 1960; x_wconf 90' lang='lat'><em>-</em></span> <span class='ocrx_word' id='word_1_148' title='bbox 837 1914 868 1997; x_wconf 90' lang='lat'><strong>3,</strong></span> <span class='ocrx_word' id='word_1_149' title='bbox 892 1914 932 1977; x_wconf 90' lang='lat'><strong>67</strong></span> <span class='ocrx_word' id='word_1_150' title='bbox 956 1937 1050 1979; x_wconf 88' lang='lat' dir='ltr'><strong>nemo</strong></span> <span class='ocrx_word' id='word_1_151' title='bbox 1073 1915 1208 1980; x_wconf 88' lang='lat' dir='ltr'><strong>deorum</strong></span> 
     </span>
     <span class='ocr_line' id='line_1_17' title="bbox 144 2014 1210 2102; baseline 0.002 -23"><span class='ocrx_word' id='word_1_152' title='bbox 144 2014 310 2080; x_wconf 89' lang='lat' dir='ltr'><strong>hominum</strong></span> <span class='ocrx_word' id='word_1_153' title='bbox 334 2015 387 2096; x_wconf 91' lang='lat' dir='ltr'><strong>sit,</strong></span> <span class='ocrx_word' id='word_1_154' title='bbox 412 2014 467 2100; x_wconf 91' lang='lat' dir='ltr'><strong>qui</strong></span> <span class='ocrx_word' id='word_1_155' title='bbox 490 2024 602 2078; x_wconf 79' lang='lat' dir='ltr'><strong>vestra</strong></span> <span class='ocrx_word' id='word_1_156' title='bbox 623 2015 738 2101; x_wconf 82' lang='lat' dir='ltr'><strong>puniat</strong></span> <span class='ocrx_word' id='word_1_157' title='bbox 760 2027 905 2100; x_wconf 80' lang='lat' dir='ltr'><strong>peccata.</strong></span> <span class='ocrx_word' id='word_1_158' title='bbox 940 2015 971 2099; x_wconf 81' lang='lat'><strong>5,</strong></span> <span class='ocrx_word' id='word_1_159' title='bbox 986 2018 1029 2086; x_wconf 89' lang='grc'><strong>44</strong></span> <span class='ocrx_word' id='word_1_160' title='bbox 1046 2039 1126 2102; x_wconf 86' lang='lat' dir='ltr'><strong>gens</strong></span> <span class='ocrx_word' id='word_1_161' title='bbox 1149 2028 1210 2095; x_wconf 81' lang='lat' dir='ltr'><strong>est,</strong></span> 
     </span>
     <span class='ocr_line' id='line_1_18' title="bbox 142 2117 1209 2204; baseline 0 -23"><span class='ocrx_word' id='word_1_162' title='bbox 142 2129 253 2184; x_wconf 79' lang='lat' dir='ltr'><strong>natura</strong></span> <span class='ocrx_word' id='word_1_163' title='bbox 275 2137 410 2200; x_wconf 84' lang='lat' dir='ltr'><strong>corpora</strong></span> <span class='ocrx_word' id='word_1_164' title='bbox 433 2118 623 2202; x_wconf 79' lang='lat' dir='ltr'><strong>animosque</strong></span> <span class='ocrx_word' id='word_1_165' title='bbox 645 2139 765 2200; x_wconf 81' lang='lat' dir='ltr'><strong>magna</strong></span> <span class='ocrx_word' id='word_1_166' title='bbox 791 2120 895 2202; x_wconf 85' lang='lat' dir='ltr'><strong>magis</strong></span> <span class='ocrx_word' id='word_1_167' title='bbox 919 2140 1017 2204; x_wconf 84' lang='lat' dir='ltr'><strong>quam</strong></span> <span class='ocrx_word' id='word_1_168' title='bbox 1039 2118 1133 2182; x_wconf 82' lang='lat' dir='ltr'><strong>firmo</strong></span> <span class='ocrx_word' id='word_1_169' title='bbox 1155 2117 1209 2183; x_wconf 90' lang='lat' dir='ltr'><strong>de·</strong></span> 
     </span>
     <span class='ocr_line' id='line_1_19' title="bbox 142 2218 1210 2304; baseline 0 -20"><span class='ocrx_word' id='word_1_170' title='bbox 142 2231 157 2284; x_wconf 84' lang='lat' dir='ltr'><strong>t</strong></span> <span class='ocrx_word' id='word_1_171' title='bbox 191 2219 245 2301; x_wconf 90' lang='grc'><strong>22,</strong></span> <span class='ocrx_word' id='word_1_172' title='bbox 269 2218 311 2281; x_wconf 87' lang='grc'><strong>20</strong></span> <span class='ocrx_word' id='word_1_173' title='bbox 333 2219 389 2304; x_wconf 93' lang='lat' dir='ltr'><strong>qui</strong></span> <span class='ocrx_word' id='word_1_174' title='bbox 412 2239 489 2282; x_wconf 84' lang='lat' dir='ltr'><strong>vere</strong></span> <span class='ocrx_word' id='word_1_175' title='bbox 511 2218 649 2284; x_wconf 90' lang='lat' dir='ltr'><strong>dicionis</strong></span> <span class='ocrx_word' id='word_1_176' title='bbox 672 2221 864 2304; x_wconf 90' lang='lat' dir='ltr'><strong>imperiique</strong></span> <span class='ocrx_word' id='word_1_177' title='bbox 888 2221 1026 2285; x_wconf 84' lang='lat' dir='ltr'><strong>Romani</strong></span> <span class='ocrx_word' id='word_1_178' title='bbox 1048 2220 1128 2284; x_wconf 89' lang='lat' dir='ltr'><strong>facti</strong></span> <span class='ocrx_word' id='word_1_179' title='bbox 1144 2221 1210 2284; x_wconf 87' lang='lat' dir='ltr'><strong>sint</strong></span> 
     </span>
     <span class='ocr_line' id='line_1_20' title="bbox 142 2318 868 2409; baseline -0.001 -23"><span class='ocrx_word' id='word_1_180' title='bbox 142 2322 247 2409; x_wconf 80' lang='lat' dir='ltr'><strong>opuli,</strong></span> <span class='ocrx_word' id='word_1_181' title='bbox 270 2318 409 2406; x_wconf 84' lang='lat' dir='ltr'><strong>amplius</strong></span> <span class='ocrx_word' id='word_1_182' title='bbox 432 2320 567 2384; x_wconf 83' lang='lat' dir='ltr'><strong>fuerunt</strong></span> <span class='ocrx_word' id='word_1_183' title='bbox 588 2331 717 2385; x_wconf 91' lang='lat' dir='ltr'><strong>centum</strong></span> <span class='ocrx_word' id='word_1_184' title='bbox 739 2321 868 2406; x_wconf 86' lang='lat' dir='ltr'><strong>viginti.</strong></span> 
     </span>
    </p>
   </div>
   <div class='ocr_carea' id='block_1_5' title="bbox 142 2455 1211 3152">
    <p class='ocr_par' dir='ltr' id='par_1_5' title="bbox 142 2455 1211 3152">
     <span class='ocr_line' id='line_1_21' title="bbox 148 2455 1208 2544; baseline 0 -23"><span class='ocrx_word' id='word_1_185' title='bbox 148 2457 263 2544; x_wconf 76' lang='lat' dir='ltr'><strong>Spitter</strong></span> <span class='ocrx_word' id='word_1_186' title='bbox 286 2455 414 2519; x_wconf 90' lang='lat' dir='ltr'><strong>scheint</strong></span> <span class='ocrx_word' id='word_1_187' title='bbox 435 2455 487 2518; x_wconf 91' lang='lat' dir='ltr'><strong>die</strong></span> <span class='ocrx_word' id='word_1_188' title='bbox 502 2456 734 2522; x_wconf 82' lang='lat' dir='ltr'><strong>Construction</strong></span> <span class='ocrx_word' id='word_1_189' title='bbox 757 2457 898 2521; x_wconf 77' lang='lat' dir='ltr'><strong>seltener</strong></span> <span class='ocrx_word' id='word_1_190' title='bbox 920 2481 962 2521; x_wconf 83' lang='lat' dir='ltr'><strong>zu</strong></span> <span class='ocrx_word' id='word_1_191' title='bbox 982 2457 1122 2536; x_wconf 84' lang='lat' dir='ltr'><strong>werden,</strong></span> <span class='ocrx_word' id='word_1_192' title='bbox 1145 2479 1208 2522; x_wconf 89' lang='lat' dir='ltr'><strong>we·</strong></span> 
     </span>
     <span class='ocr_line' id='line_1_22' title="bbox 142 2556 1209 2643; baseline -0.001 -20"><span class='ocrx_word' id='word_1_193' title='bbox 142 2567 206 2623; x_wconf 85' lang='lat' dir='ltr'><strong>tens</strong></span> <span class='ocrx_word' id='word_1_194' title='bbox 231 2559 358 2622; x_wconf 89' lang='lat' dir='ltr'><strong>kommt</strong></span> <span class='ocrx_word' id='word_1_195' title='bbox 380 2559 428 2621; x_wconf 89' lang='lat' dir='ltr'><strong>sie</strong></span> <span class='ocrx_word' id='word_1_196' title='bbox 450 2556 505 2621; x_wconf 90' lang='lat' dir='ltr'><strong>bei</strong></span> <span class='ocrx_word' id='word_1_197' title='bbox 527 2558 692 2622; x_wconf 82' lang='lat' dir='ltr'><strong>Tacitus</strong></span> <span class='ocrx_word' id='word_1_198' title='bbox 722 2559 798 2623; x_wconf 91' lang='lat' dir='ltr'><strong>sehr</strong></span> <span class='ocrx_word' id='word_1_199' title='bbox 820 2559 928 2643; x_wconf 87' lang='lat' dir='ltr'><strong>wenig</strong></span> <span class='ocrx_word' id='word_1_200' title='bbox 950 2580 1024 2624; x_wconf 85' lang='lat' dir='ltr'><strong>vor:</strong></span> <span class='ocrx_word' id='word_1_201' title='bbox 1059 2559 1091 2624; x_wconf 90' lang='lat' dir='ltr'><strong>h.</strong></span> <span class='ocrx_word' id='word_1_202' title='bbox 1116 2561 1145 2636; x_wconf 89' lang='lat'><strong>1,</strong></span> <span class='ocrx_word' id='word_1_203' title='bbox 1170 2559 1209 2623; x_wconf 85' lang='lat'><strong>15</strong></span> 
     </span>
     <span class='ocr_line' id='line_1_23' title="bbox 142 2660 1210 2746; baseline -0.001 -22"><span class='ocrx_word' id='word_1_204' title='bbox 142 2671 212 2724; x_wconf 77' lang='lat' dir='ltr'><strong>etos</strong></span> <span class='ocrx_word' id='word_1_205' title='bbox 241 2669 316 2742; x_wconf 84' lang='lat' dir='ltr'><strong>tua,</strong></span> <span class='ocrx_word' id='word_1_206' title='bbox 339 2681 422 2746; x_wconf 82' lang='lat' dir='ltr'><strong>quse</strong></span> <span class='ocrx_word' id='word_1_207' title='bbox 444 2697 487 2706; x_wconf 97' lang='lat'>-</span> <span class='ocrx_word' id='word_1_208' title='bbox 508 2660 674 2744; x_wconf 88' lang='lat' dir='ltr'><strong>effugerit,</strong></span> <span class='ocrx_word' id='word_1_209' title='bbox 703 2682 742 2724; x_wconf 85' lang='lat' dir='ltr'><strong>ea</strong></span> <span class='ocrx_word' id='word_1_210' title='bbox 770 2663 840 2726; x_wconf 82' lang='lat' dir='ltr'><strong>vite</strong></span> <span class='ocrx_word' id='word_1_211' title='bbox 865 2663 899 2726; x_wconf 91' lang='lat' dir='ltr'><strong>in</strong></span> <span class='ocrx_word' id='word_1_212' title='bbox 922 2683 988 2746; x_wconf 82' lang='lat' dir='ltr'><strong>qua</strong></span> <span class='ocrx_word' id='word_1_213' title='bbox 1011 2699 1052 2708; x_wconf 91' lang='lat'>—</span> <span class='ocrx_word' id='word_1_214' title='bbox 1075 2660 1210 2725; x_wconf 78' lang='lat' dir='ltr'><strong>habeus.</strong></span> 
     </span>
     <span class='ocr_line' id='line_1_24' title="bbox 142 2760 1209 2848; baseline -0.002 -23"><span class='ocrx_word' id='word_1_215' title='bbox 142 2761 168 2826; x_wconf 87' lang='grc'><strong>0.</strong></span> <span class='ocrx_word' id='word_1_216' title='bbox 189 2763 241 2827; x_wconf 87' lang='grc'><strong>81.</strong></span> <span class='ocrx_word' id='word_1_217' title='bbox 280 2784 355 2829; x_wconf 85' lang='lat' dir='ltr'><strong>ann.</strong></span> <span class='ocrx_word' id='word_1_218' title='bbox 382 2764 410 2843; x_wconf 92' lang='lat' dir='ltr'><strong>l,</strong></span> <span class='ocrx_word' id='word_1_219' title='bbox 435 2764 472 2825; x_wconf 91' lang='grc'><strong>11</strong></span> <span class='ocrx_word' id='word_1_220' title='bbox 503 2763 536 2825; x_wconf 95' lang='lat' dir='ltr'><strong>in</strong></span> <span class='ocrx_word' id='word_1_221' title='bbox 563 2760 661 2827; x_wconf 87' lang='lat' dir='ltr'><strong>rebus</strong></span> <span class='ocrx_word' id='word_1_222' title='bbox 690 2785 770 2848; x_wconf 79' lang='lat' dir='ltr'><strong>quas</strong></span> <span class='ocrx_word' id='word_1_223' title='bbox 799 2784 865 2825; x_wconf 89' lang='lat' dir='ltr'><strong>non</strong></span> <span class='ocrx_word' id='word_1_224' title='bbox 893 2762 1067 2827; x_wconf 87' lang='lat' dir='ltr'><strong>occuleret.</strong></span> <span class='ocrx_word' id='word_1_225' title='bbox 1107 2762 1209 2842; x_wconf 82' lang='lat'><strong>13,1.</strong></span> 
     </span>
     <span class='ocr_line' id='line_1_25' title="bbox 148 2863 1211 2949; baseline -0.001 -22"><span class='ocrx_word' id='word_1_226' title='bbox 148 2865 186 2928; x_wconf 85' lang='lat'><strong>47</strong></span> <span class='ocrx_word' id='word_1_227' title='bbox 214 2863 339 2930; x_wconf 84' lang='lat' dir='ltr'><strong>vitulus</strong></span> <span class='ocrx_word' id='word_1_228' title='bbox 373 2865 426 2927; x_wconf 92' lang='lat' dir='ltr'><strong>cui</strong></span> <span class='ocrx_word' id='word_1_229' title='bbox 454 2875 553 2949; x_wconf 83' lang='lat' dir='ltr'><strong>ceput</strong></span> <span class='ocrx_word' id='word_1_230' title='bbox 585 2866 620 2927; x_wconf 89' lang='lat' dir='ltr'><strong>in</strong></span> <span class='ocrx_word' id='word_1_231' title='bbox 647 2886 741 2929; x_wconf 89' lang='lat' dir='ltr'><strong>crure</strong></span> <span class='ocrx_word' id='word_1_232' title='bbox 771 2874 866 2928; x_wconf 85' lang='lat' dir='ltr'><strong>esset.</strong></span> <span class='ocrx_word' id='word_1_233' title='bbox 911 2863 1041 2929; x_wconf 82' lang='lat' dir='ltr'><strong>Unklar</strong></span> <span class='ocrx_word' id='word_1_234' title='bbox 1071 2865 1115 2929; x_wconf 92' lang='lat' dir='ltr'><strong>ist</strong></span> <span class='ocrx_word' id='word_1_235' title='bbox 1148 2864 1211 2926; x_wconf 89' lang='lat' dir='ltr'><strong>mir</strong></span> 
     </span>
     <span class='ocr_line' id='line_1_26' title="bbox 142 2964 1209 3053; baseline 0 -25"><span class='ocrx_word' id='word_1_236' title='bbox 142 2986 173 3030; x_wconf 84' lang='lat' dir='ltr'><strong>nr.</strong></span> <span class='ocrx_word' id='word_1_237' title='bbox 193 2965 236 3030; x_wconf 87' lang='grc'><strong>29</strong></span> <span class='ocrx_word' id='word_1_238' title='bbox 262 2967 298 3030; x_wconf 89' lang='lat' dir='ltr'><strong>in</strong></span> <span class='ocrx_word' id='word_1_239' title='bbox 326 2965 444 3050; x_wconf 92' lang='lat' dir='ltr'><strong>quibus</strong></span> <span class='ocrx_word' id='word_1_240' title='bbox 472 2987 546 3051; x_wconf 82' lang='lat' dir='ltr'><strong>pars</strong></span> <span class='ocrx_word' id='word_1_241' title='bbox 571 2966 708 3030; x_wconf 83' lang='lat' dir='ltr'><strong>Romani</strong></span> <span class='ocrx_word' id='word_1_242' title='bbox 737 2968 866 3053; x_wconf 88' lang='lat' dir='ltr'><strong>imperii</strong></span> <span class='ocrx_word' id='word_1_243' title='bbox 897 2966 1020 3030; x_wconf 88' lang='lat' dir='ltr'><strong>fierent.</strong></span> <span class='ocrx_word' id='word_1_244' title='bbox 1058 2964 1122 3052; x_wconf 87' lang='lat' dir='ltr'><strong>(lst</strong></span> <span class='ocrx_word' id='word_1_245' title='bbox 1150 2965 1209 3029; x_wconf 78' lang='lat' dir='ltr'><strong>das</strong></span> 
     </span>
     <span class='ocr_line' id='line_1_27' title="bbox 142 3064 490 3152; baseline 0.009 -26"><span class='ocrx_word' id='word_1_246' title='bbox 142 3064 146 3126; x_wconf 94' lang='grc'><strong>1</strong></span> <span class='ocrx_word' id='word_1_247' title='bbox 164 3067 240 3131; x_wconf 82' lang='grc' dir='ltr'><strong>οι16ι</strong></span> <span class='ocrx_word' id='word_1_248' title='bbox 262 3066 490 3152; x_wconf 70' lang='lat' dir='ltr'><strong>consecutivl)</strong></span> 
     </span>
    </p>
   </div>
   <div class='ocr_carea' id='block_1_6' title="bbox 142 3200 1211 4513">
    <p class='ocr_par' dir='ltr' id='par_1_6' title="bbox 142 3200 1211 4513">
     <span class='ocr_line' id='line_1_28' title="bbox 153 3200 1210 3288; baseline -0.001 -22"><span class='ocrx_word' id='word_1_249' title='bbox 153 3200 410 3288; x_wconf 88' lang='lat' dir='ltr'><strong>Beispielsweise</strong></span> <span class='ocrx_word' id='word_1_250' title='bbox 432 3224 494 3266; x_wconf 89' lang='lat' dir='ltr'><strong>nur</strong></span> <span class='ocrx_word' id='word_1_251' title='bbox 516 3202 600 3266; x_wconf 92' lang='lat' dir='ltr'><strong>noch</strong></span> <span class='ocrx_word' id='word_1_252' title='bbox 623 3202 824 3287; x_wconf 79' lang='lat' dir='ltr'><strong>Fulgendes:</strong></span> <span class='ocrx_word' id='word_1_253' title='bbox 858 3203 945 3270; x_wconf 83' lang='lat' dir='ltr'><strong>Son.</strong></span> <span class='ocrx_word' id='word_1_254' title='bbox 968 3225 1017 3288; x_wconf 87' lang='lat' dir='ltr'><strong>ep.</strong></span> <span class='ocrx_word' id='word_1_255' title='bbox 1033 3204 1087 3284; x_wconf 83' lang='lat'><strong>43,</strong></span> <span class='ocrx_word' id='word_1_256' title='bbox 1103 3203 1133 3268; x_wconf 88' lang='lat'><strong>3.</strong></span> <span class='ocrx_word' id='word_1_257' title='bbox 1158 3202 1210 3280; x_wconf 87' lang='lat'><strong>76,</strong></span> 
     </span>
     <span class='ocr_line' id='line_1_29' title="bbox 154 3303 1210 3388; baseline -0.001 -20"><span class='ocrx_word' id='word_1_258' title='bbox 154 3303 221 3369; x_wconf 87' lang='lat' dir='ltr'><strong>ben.</strong></span> <span class='ocrx_word' id='word_1_259' title='bbox 250 3304 288 3387; x_wconf 88' lang='grc'><strong>6,</strong></span> <span class='ocrx_word' id='word_1_260' title='bbox 317 3305 373 3384; x_wconf 88' lang='grc'><strong>31,</strong></span> <span class='ocrx_word' id='word_1_261' title='bbox 398 3305 428 3368; x_wconf 91' lang='lat'><strong>7.</strong></span> <span class='ocrx_word' id='word_1_262' title='bbox 467 3305 575 3369; x_wconf 84' lang='lat' dir='ltr'><strong>Ourt.</strong></span> <span class='ocrx_word' id='word_1_263' title='bbox 602 3307 639 3388; x_wconf 87' lang='lat'><strong>4,</strong></span> <span class='ocrx_word' id='word_1_264' title='bbox 662 3305 697 3387; x_wconf 83' lang='lat'><strong>6,</strong></span> <span class='ocrx_word' id='word_1_265' title='bbox 719 3306 750 3369; x_wconf 87' lang='lat'><strong>9.</strong></span> <span class='ocrx_word' id='word_1_266' title='bbox 789 3306 896 3371; x_wconf 88' lang='lat' dir='ltr'><strong>Suet.</strong></span> <span class='ocrx_word' id='word_1_267' title='bbox 920 3309 1006 3388; x_wconf 85' lang='lat' dir='ltr'><strong>Aug.</strong></span> <span class='ocrx_word' id='word_1_268' title='bbox 1033 3304 1102 3368; x_wconf 89' lang='lat'><strong>100.</strong></span> <span class='ocrx_word' id='word_1_269' title='bbox 1141 3303 1210 3368; x_wconf 87' lang='lat' dir='ltr'><strong>Jul.</strong></span> 
     </span>
     <span class='ocr_line' id='line_1_30' title="bbox 158 3405 1211 3492; baseline 0 -22"><span class='ocrx_word' id='word_1_270' title='bbox 158 3405 254 3470; x_wconf 85' lang='grc'><strong>0611.</strong></span> <span class='ocrx_word' id='word_1_271' title='bbox 278 3405 340 3492; x_wconf 84' lang='lat' dir='ltr'><strong>prs.</strong></span> <span class='ocrx_word' id='word_1_272' title='bbox 366 3407 384 3469; x_wconf 99' lang='lat'><strong>7</strong></span> <span class='ocrx_word' id='word_1_273' title='bbox 408 3415 458 3470; x_wconf 89' lang='lat' dir='ltr'><strong>est</strong></span> <span class='ocrx_word' id='word_1_274' title='bbox 484 3407 541 3492; x_wconf 90' lang='lat' dir='ltr'><strong>qui</strong></span> <span class='ocrx_word' id='word_1_275' title='bbox 568 3407 693 3472; x_wconf 81' lang='lat' dir='ltr'><strong>iecerit.</strong></span> <span class='ocrx_word' id='word_1_276' title='bbox 732 3406 835 3471; x_wconf 88' lang='lat' dir='ltr'><strong>Just.</strong></span> <span class='ocrx_word' id='word_1_277' title='bbox 863 3410 911 3487; x_wconf 87' lang='grc'><strong>11,</strong></span> <span class='ocrx_word' id='word_1_278' title='bbox 935 3407 965 3489; x_wconf 90' lang='grc'><strong>8,</strong></span> <span class='ocrx_word' id='word_1_279' title='bbox 988 3407 1009 3470; x_wconf 79' lang='lat'>5</span> <span class='ocrx_word' id='word_1_280' title='bbox 1035 3415 1211 3471; x_wconf 69' lang='lat' dir='ltr'><strong>uulnerat</strong></span> 
     </span>
     <span class='ocr_line' id='line_1_31' title="bbox 142 3507 1210 3596; baseline 0.001 -26"><span class='ocrx_word' id='word_1_281' title='bbox 142 3508 276 3584; x_wconf 84' lang='lat' dir='ltr'><strong>medicis,</strong></span> <span class='ocrx_word' id='word_1_282' title='bbox 300 3510 430 3573; x_wconf 88' lang='lat' dir='ltr'><strong>nomine</strong></span> <span class='ocrx_word' id='word_1_283' title='bbox 453 3508 642 3596; x_wconf 85' lang='lat' dir='ltr'><strong>Philippus,</strong></span> <span class='ocrx_word' id='word_1_284' title='bbox 671 3511 726 3595; x_wconf 92' lang='lat' dir='ltr'><strong>qui</strong></span> <span class='ocrx_word' id='word_1_285' title='bbox 754 3508 843 3574; x_wconf 90' lang='lat' dir='ltr'><strong>solus</strong></span> <span class='ocrx_word' id='word_1_286' title='bbox 871 3508 1049 3572; x_wconf 90' lang='lat' dir='ltr'><strong>remedium</strong></span> <span class='ocrx_word' id='word_1_287' title='bbox 1078 3507 1210 3594; x_wconf 90' lang='lat' dir='ltr'><strong>pollice·</strong></span> 
     </span>
     <span class='ocr_line' id='line_1_32' title="bbox 142 3608 1210 3696; baseline 0.001 -25"><span class='ocrx_word' id='word_1_288' title='bbox 142 3626 169 3672; x_wconf 86' lang='lat' dir='ltr'><strong>n.</strong></span> <span class='ocrx_word' id='word_1_289' title='bbox 209 3609 309 3696; x_wconf 89' lang='lat' dir='ltr'><strong>(Jeep</strong></span> <span class='ocrx_word' id='word_1_290' title='bbox 336 3608 426 3674; x_wconf 81' lang='lat' dir='ltr'><strong>lieet:</strong></span> <span class='ocrx_word' id='word_1_291' title='bbox 454 3610 641 3695; x_wconf 69' lang='lat' dir='ltr'><strong>pollicetur,</strong></span> <span class='ocrx_word' id='word_1_292' title='bbox 673 3610 757 3676; x_wconf 90' lang='lat' dir='ltr'><strong>doch</strong></span> <span class='ocrx_word' id='word_1_293' title='bbox 791 3609 857 3695; x_wconf 86' lang='lat' dir='ltr'><strong>vgl.</strong></span> <span class='ocrx_word' id='word_1_294' title='bbox 886 3611 972 3675; x_wconf 90' lang='lat' dir='ltr'><strong>oben</strong></span> <span class='ocrx_word' id='word_1_295' title='bbox 1005 3609 1058 3674; x_wconf 89' lang='lat' dir='ltr'><strong>die</strong></span> <span class='ocrx_word' id='word_1_296' title='bbox 1089 3609 1210 3675; x_wconf 87' lang='lat' dir='ltr'><strong>Stellen</strong></span> 
     </span>
     <span class='ocr_line' id='line_1_33' title="bbox 153 3710 1211 3795; baseline -0.005 -15"><span class='ocrx_word' id='word_1_297' title='bbox 153 3732 228 3780; x_wconf 69' lang='lat' dir='ltr'><strong><em>m</em></strong></span> <span class='ocrx_word' id='word_1_298' title='bbox 257 3712 311 3777; x_wconf 84' lang='lat' dir='ltr'><strong>bei</strong></span> <span class='ocrx_word' id='word_1_299' title='bbox 333 3710 402 3776; x_wconf 82' lang='lat' dir='ltr'><strong>Cic.</strong></span> <span class='ocrx_word' id='word_1_300' title='bbox 431 3710 474 3776; x_wconf 82' lang='lat' dir='ltr'><strong>nd</strong></span> <span class='ocrx_word' id='word_1_301' title='bbox 497 3710 591 3792; x_wconf 80' lang='lat' dir='ltr'><strong>Quir.</strong></span> <span class='ocrx_word' id='word_1_302' title='bbox 613 3714 642 3792; x_wconf 88' lang='lat'><strong>3,</strong></span> <span class='ocrx_word' id='word_1_303' title='bbox 666 3712 686 3776; x_wconf 90' lang='lat'>8</span> <span class='ocrx_word' id='word_1_304' title='bbox 709 3712 775 3776; x_wconf 86' lang='lat' dir='ltr'><strong>und</strong></span> <span class='ocrx_word' id='word_1_305' title='bbox 804 3712 871 3777; x_wconf 91' lang='lat' dir='ltr'><strong>div.</strong></span> <span class='ocrx_word' id='word_1_306' title='bbox 895 3713 924 3794; x_wconf 88' lang='lat'><strong>1,</strong></span> <span class='ocrx_word' id='word_1_307' title='bbox 948 3712 994 3791; x_wconf 87' lang='grc'><strong>4.)</strong></span> <span class='ocrx_word' id='word_1_308' title='bbox 1032 3711 1155 3795; x_wconf 76' lang='lat' dir='ltr'><strong>Httufig</strong></span> <span class='ocrx_word' id='word_1_309' title='bbox 1176 3713 1211 3776; x_wconf 88' lang='lat' dir='ltr'><strong>in</strong></span> 
     </span>
     <span class='ocr_line' id='line_1_34' title="bbox 157 3812 1211 3899; baseline -0.001 -22"><span class='ocrx_word' id='word_1_310' title='bbox 157 3835 216 3880; x_wconf 82' lang='lat' dir='ltr'><strong>von</strong></span> <span class='ocrx_word' id='word_1_311' title='bbox 237 3814 302 3878; x_wconf 88' lang='lat' dir='ltr'><strong>mir</strong></span> <span class='ocrx_word' id='word_1_312' title='bbox 328 3812 382 3878; x_wconf 78' lang='lat' dir='ltr'><strong>fiir</strong></span> <span class='ocrx_word' id='word_1_313' title='bbox 408 3816 529 3880; x_wconf 91' lang='lat' dir='ltr'><strong>unecht</strong></span> <span class='ocrx_word' id='word_1_314' title='bbox 556 3814 751 3899; x_wconf 80' lang='lat' dir='ltr'><strong>gehaltenen</strong></span> <span class='ocrx_word' id='word_1_315' title='bbox 778 3812 949 3878; x_wconf 87' lang='lat' dir='ltr'><strong>kleineren</strong></span> <span class='ocrx_word' id='word_1_316' title='bbox 971 3813 1211 3897; x_wconf 83' lang='lat' dir='ltr'><strong>Biogrephieen</strong></span> 
     </span>
     <span class='ocr_line' id='line_1_35' title="bbox 161 3915 1210 4004; baseline -0.002 -24"><span class='ocrx_word' id='word_1_317' title='bbox 161 3915 304 4004; x_wconf 81' lang='lat' dir='ltr'><strong>Nepos3</strong></span> <span class='ocrx_word' id='word_1_318' title='bbox 338 3915 377 3980; x_wconf 91' lang='lat' dir='ltr'><strong>B.</strong></span> <span class='ocrx_word' id='word_1_319' title='bbox 406 3916 534 4003; x_wconf 91' lang='lat' dir='ltr'><strong>Lupus,</strong></span> <span class='ocrx_word' id='word_1_320' title='bbox 564 3916 857 4003; x_wconf 81' lang='lat' dir='ltr'><strong>Sprachgebreuch</strong></span> <span class='ocrx_word' id='word_1_321' title='bbox 890 3916 948 3979; x_wconf 92' lang='lat' dir='ltr'><strong>des</strong></span> <span class='ocrx_word' id='word_1_322' title='bbox 978 3915 1089 4000; x_wconf 89' lang='lat' dir='ltr'><strong>Nepos</strong></span> <span class='ocrx_word' id='word_1_323' title='bbox 1119 3915 1210 3991; x_wconf 86' lang='lat'><strong>1876,</strong></span> 
     </span>
     <span class='ocr_line' id='line_1_36' title="bbox 142 4015 1211 4104; baseline 0.001 -26"><span class='ocrx_word' id='word_1_324' title='bbox 142 4016 186 4083; x_wconf 92' lang='grc'><strong>166</strong></span> <span class='ocrx_word' id='word_1_325' title='bbox 205 4020 253 4104; x_wconf 83' lang='lat' dir='ltr'><strong>fg.</strong></span> <span class='ocrx_word' id='word_1_326' title='bbox 278 4019 367 4082; x_wconf 84' lang='lat' dir='ltr'><strong>citirt</strong></span> <span class='ocrx_word' id='word_1_327' title='bbox 390 4019 510 4084; x_wconf 76' lang='lat' dir='ltr'><strong>danaus</strong></span> <span class='ocrx_word' id='word_1_328' title='bbox 532 4041 638 4103; x_wconf 87' lang='lat' dir='ltr'><strong>gegen</strong></span> <span class='ocrx_word' id='word_1_329' title='bbox 660 4018 702 4081; x_wconf 88' lang='grc'><strong>40</strong></span> <span class='ocrx_word' id='word_1_330' title='bbox 718 4017 850 4102; x_wconf 85' lang='lat' dir='ltr'><strong>Stellen,</strong></span> <span class='ocrx_word' id='word_1_331' title='bbox 873 4018 1031 4082; x_wconf 79' lang='lat' dir='ltr'><strong>darunter</strong></span> <span class='ocrx_word' id='word_1_332' title='bbox 1053 4018 1133 4080; x_wconf 82' lang='lat' dir='ltr'><strong>zuei</strong></span> <span class='ocrx_word' id='word_1_333' title='bbox 1152 4015 1211 4079; x_wconf 91' lang='lat' dir='ltr'><strong>mit</strong></span> 
     </span>
     <span class='ocr_line' id='line_1_37' title="bbox 142 4117 1210 4208; baseline -0.004 -23"><span class='ocrx_word' id='word_1_334' title='bbox 142 4119 294 4187; x_wconf 79' lang='lat' dir='ltr'><strong>rdinirtem</strong></span> <span class='ocrx_word' id='word_1_335' title='bbox 317 4120 517 4208; x_wconf 82' lang='lat' dir='ltr'><strong>Oonjunctiv</strong></span> <span class='ocrx_word' id='word_1_336' title='bbox 541 4120 607 4185; x_wconf 87' lang='lat' dir='ltr'><strong>und</strong></span> <span class='ocrx_word' id='word_1_337' title='bbox 630 4119 812 4185; x_wconf 85' lang='lat' dir='ltr'><strong>Indicativ:</strong></span> <span class='ocrx_word' id='word_1_338' title='bbox 840 4122 871 4202; x_wconf 90' lang='lat'><strong>6,</strong></span> <span class='ocrx_word' id='word_1_339' title='bbox 898 4122 925 4202; x_wconf 91' lang='lat' dir='ltr'><strong>l,</strong></span> <span class='ocrx_word' id='word_1_340' title='bbox 947 4120 968 4183; x_wconf 79' lang='lat'>5</span> <span class='ocrx_word' id='word_1_341' title='bbox 992 4117 1061 4182; x_wconf 88' lang='lat' dir='ltr'><strong>und</strong></span> <span class='ocrx_word' id='word_1_342' title='bbox 1086 4117 1136 4202; x_wconf 89' lang='lat'><strong>18,</strong></span> <span class='ocrx_word' id='word_1_343' title='bbox 1162 4118 1210 4196; x_wconf 92' lang='grc'><strong>11,</strong></span> 
     </span>
     <span class='ocr_line' id='line_1_38' title="bbox 142 4219 1211 4308; baseline -0.005 -21"><span class='ocrx_word' id='word_1_344' title='bbox 142 4258 156 4268; x_wconf 93' lang='grc'><strong>-</strong></span> <span class='ocrx_word' id='word_1_345' title='bbox 168 4222 227 4287; x_wconf 87' lang='lat' dir='ltr'><strong>Als</strong></span> <span class='ocrx_word' id='word_1_346' title='bbox 251 4222 324 4287; x_wconf 88' lang='lat' dir='ltr'><strong>eine</strong></span> <span class='ocrx_word' id='word_1_347' title='bbox 338 4224 530 4308; x_wconf 80' lang='lat' dir='ltr'><strong>Ausartung</strong></span> <span class='ocrx_word' id='word_1_348' title='bbox 552 4223 610 4286; x_wconf 90' lang='lat' dir='ltr'><strong>des</strong></span> <span class='ocrx_word' id='word_1_349' title='bbox 627 4223 837 4288; x_wconf 83' lang='lat' dir='ltr'><strong>Gebruuches</strong></span> <span class='ocrx_word' id='word_1_350' title='bbox 854 4219 1031 4285; x_wconf 90' lang='lat' dir='ltr'><strong>erscheint:</strong></span> <span class='ocrx_word' id='word_1_351' title='bbox 1054 4219 1211 4307; x_wconf 83' lang='lat' dir='ltr'><strong>Lampr.</strong></span> 
     </span>
     <span class='ocr_line' id='line_1_39' title="bbox 142 4322 1210 4410; baseline 0 -23"><span class='ocrx_word' id='word_1_352' title='bbox 142 4322 165 4389; x_wconf 86' lang='grc'><strong>1.</strong></span> <span class='ocrx_word' id='word_1_353' title='bbox 179 4326 200 4391; x_wconf 86' lang='grc'>5</span> <span class='ocrx_word' id='word_1_354' title='bbox 220 4326 257 4390; x_wconf 90' lang='lat' dir='ltr'><strong>in</strong></span> <span class='ocrx_word' id='word_1_355' title='bbox 271 4336 480 4390; x_wconf 88' lang='lat' dir='ltr'><strong>monumento</strong></span> <span class='ocrx_word' id='word_1_356' title='bbox 496 4325 595 4409; x_wconf 88' lang='lat' dir='ltr'><strong>regio,</strong></span> <span class='ocrx_word' id='word_1_357' title='bbox 611 4322 698 4410; x_wconf 91' lang='lat' dir='ltr'><strong>quod</strong></span> <span class='ocrx_word' id='word_1_358' title='bbox 720 4325 812 4389; x_wconf 83' lang='lat' dir='ltr'><strong>iuxta</strong></span> <span class='ocrx_word' id='word_1_359' title='bbox 829 4322 940 4386; x_wconf 83' lang='lat' dir='ltr'><strong>villum</strong></span> <span class='ocrx_word' id='word_1_360' title='bbox 962 4331 1058 4386; x_wconf 86' lang='lat' dir='ltr'><strong>esset.</strong></span> <span class='ocrx_word' id='word_1_361' title='bbox 1095 4322 1210 4387; x_wconf 87' lang='lat' dir='ltr'><strong>Treb.</strong></span> 
     </span>
     <span class='ocr_line' id='line_1_40' title="bbox 142 4423 1211 4513; baseline 0.001 -24"><span class='ocrx_word' id='word_1_362' title='bbox 142 4473 147 4489; x_wconf 85' lang='lat'><strong>.</strong></span> <span class='ocrx_word' id='word_1_363' title='bbox 169 4438 234 4513; x_wconf 85' lang='lat' dir='ltr'><strong>tyr.</strong></span> <span class='ocrx_word' id='word_1_364' title='bbox 259 4426 298 4490; x_wconf 92' lang='grc'><strong>12</strong></span> <span class='ocrx_word' id='word_1_365' title='bbox 327 4427 534 4491; x_wconf 80' lang='lat' dir='ltr'><strong>Domitianus</strong></span> <span class='ocrx_word' id='word_1_366' title='bbox 559 4427 678 4511; x_wconf 92' lang='lat' dir='ltr'><strong>—qui</strong></span> <span class='ocrx_word' id='word_1_367' title='bbox 704 4448 739 4490; x_wconf 88' lang='lat' dir='ltr'><strong>se</strong></span> <span class='ocrx_word' id='word_1_368' title='bbox 767 4424 928 4509; x_wconf 85' lang='lat' dir='ltr'><strong>originem</strong></span> <span class='ocrx_word' id='word_1_369' title='bbox 956 4423 1081 4489; x_wconf 89' lang='lat' dir='ltr'><strong>diceret</strong></span> <span class='ocrx_word' id='word_1_370' title='bbox 1101 4445 1122 4489; x_wconf 77' lang='lat' dir='ltr'><strong>a</strong></span> <span class='ocrx_word' id='word_1_371' title='bbox 1143 4425 1211 4490; x_wconf 92' lang='lat' dir='ltr'><strong>Do·</strong></span> 
     </span>
    </p>
   </div>
   <div class='ocr_carea' id='block_1_7' title="bbox 0 0 1480 4988">
    <p class='ocr_par' dir='ltr' id='par_1_7' title="bbox 0 0 1480 4988">
     <span class='ocr_line' id='line_1_41' title="bbox 0 0 1480 4988; baseline 0 0"><span class='ocrx_word' id='word_1_372' title='bbox 0 0 1480 4988; x_wconf 95' lang='lat' dir='ltr'><strong> </strong></span> 
     </span>
    </p>
   </div>
  </div>
 </body>
</html>
