2948 4988
582 320 808 383 ..507-

46 487 250 556 enthtlt
277 488 337 551 der
359 486 546 554 Nebensatz
577 488 639 552 den
662 488 801 554 Grund
829 490 885 553 des
913 490 957 553 im
985 490 1189 576 Hauptsatze
1211 490 1267 556 ab·

10 679 17 690 .
48 589 312 676 gegebenen
335 588 492 654 Urtheils.
538 589 632 673 Eben
655 614 691 656 so
716 591 835 677 Amph.
858 591 920 655 289
943 601 1029 656 recte
1052 602 1084 658 et
1106 595 1270 679 sapienter

51 694 222 777 facit,
244 693 299 779 qui
328 691 507 779 conplexus
536 714 608 756 cum
630 693 812 758 Alcumena
839 692 937 758 cubat
960 716 1081 758 amans.
1118 693 1184 761 mit.
1207 696 1271 761 315

55 796 225 860 iuben
246 794 309 860 tibi
332 793 442 860 oculos
466 793 619 877 ecfodiri,
644 795 777 881 quibus,
803 796 889 880 quod
912 807 1120 882 nusquamst,
1151 796 1271 859 vides?

58 895 105 958 T
117 919 156 960 e
175 918 212 959 r.
227 894 334 967 Andr.
350 895 413 960 646
435 895 497 959 heu
514 917 566 959 me
580 898 744 980 miserum,
760 898 816 983 qui
839 907 928 963 tuom
943 899 1087 963 animum
1103 919 1145 962 ex
1163 899 1271 963 animo

65 999 270 1080 spectavi
292 1019 380 1063 meo.-
413 997 498 1062 Euu.
524 997 606 1061 1004
627 996 707 1060 mihi
731 996 819 1062 solae
840 998 976 1064 ridiculo
992 999 1065 1082 fuit,
1080 1021 1173 1086 quae,
1190 997 1271 1085 quid

70 1097 263 1183 timeret,
286 1098 421 1165 scibam.
465 1097 542 1164 Und
563 1100 646 1165 noch
668 1121 771 1186 gagen
794 1099 981 1167 sostenen
1004 1123 1062 1166 aus
1086 1101 1159 1165 dam
1184 1099 1273 1166 alten

74 1195 242 1266 Latein
269 1202 358 1267 citirt
388 1201 538 1267 Paetzolt
567 1201 598 1265 S.
626 1202 679 1286 15,
705 1201 789 1266 ohne
817 1202 939 1289 jedoch
970 1201 1050 1267 alles
1079 1202 1273 1289 erschbpfen

84 1319 145 1364 zu
182 1298 317 1368 wollen'.
775 1359 782 1366 .

154 1397 170 1411 ⁶
211 1405 303 1470 Aber
324 1404 407 1469 auch
431 1403 489 1470 der
512 1405 761 1493 Conjunctiv
784 1407 828 1469 ist
850 1406 885 1469 in
900 1405 1013 1471 diesen
1028 1405 1148 1471 Sttzen
1172 1405 1272 1471 scbon

96 1502 280 1571 reichlicb
296 1515 478 1571 vertreten:
509 1505 562 1569 Pl.
581 1507 699 1593 Amph.
718 1508 778 1572 153
801 1509 856 1593 qui
873 1530 923 1570 me
941 1506 1024 1571 alter
1046 1517 1096 1572 est
1117 1507 1273 1573 audacior

101 1596 221 1672 homo
249 1645 290 1655 —
318 1609 374 1694 qui
409 1607 471 1674 hoc
497 1609 602 1673 noctis
633 1608 720 1673 solus
747 1607 935 1674 ambulem?
978 1607 1054 1674 Und
1082 1610 1165 1674 noch
1200 1609 1277 1673 funs

107 1699 193 1770 Mal
215 1710 248 1775 in
271 1709 461 1775 demselben
484 1710 616 1776 Stiicke.
653 1710 719 1774 mil.
736 1712 775 1775 31
800 1733 841 1774 ne
863 1711 972 1775 hercle
994 1713 1112 1799 operae'
1134 1713 1273 1798 pretium

114 1807 289 1887 quidemst
319 1811 399 1875 mihi
427 1821 461 1876 te
488 1834 638 1894 narrare,
667 1822 739 1877 tuas
768 1815 823 1899 qui
852 1815 989 1877 virtutes
1017 1813 1128 1876 sciam.
1167 1811 1274 1896 (Noch

118 1901 142 1963 b
165 1908 261 1997 Mal.)
298 1913 384 1981 Ter.
407 1912 512 1978 Andr.
533 1913 596 1977 749
618 1935 713 2000 quem
736 1914 836 1999 igitur
858 1936 987 2000 rogem,
1016 1915 1071 2001 qui
1097 1913 1151 1978 bic
1173 1914 1273 1977 nemi-

10 2014 14 2035 ²
122 2022 202 2075 nem
220 2013 321 2078 alium
344 2013 501 2079 videam?
537 2014 587 2080 Im
610 2015 746 2080 Ganzen
769 2016 878 2080 finden
906 2015 974 2081 sich
1003 2013 1086 2080 nach
1109 2013 1273 2079 Paetzolts

10 2112 20 2138 ”
127 2101 279 2202 Zahlung
301 2115 343 2180 98
366 2114 499 2181 Stellen.
523 2154 558 2163 —-
587 2116 647 2181 Bei
669 2116 769 2183 Cato
798 2115 859 2182 soll
880 2117 1063 2203 iiberbaupt
1090 2116 1169 2179 kain
1197 2138 1272 2181 cau·

17 2210 25 2237 ’·
129 2210 215 2278 salar
234 2215 438 2282 Relativsatz
460 2216 684 2282 vorkommen.

10 2308 25 2331 Γ
214 2317 287 2384 Wie
309 2316 526 2404 gleicbgtiltig
553 2319 606 2384 die
630 2319 863 2384 Schriststeller
890 2320 962 2384 hier
989 2341 1094 2405 gegen
1116 2316 1180 2382 den
1203 2319 1272 2383 Mo·

11 2406 34 2451 ’·’··”
130 2401 357 2504 durgebraueh
379 2420 469 2504 sind,
499 2421 587 2506 zeigt
615 2420 668 2485 die
697 2418 859 2506 beliebige
882 2421 1100 2506 Anwendung
1128 2422 1162 2485 in
1185 2420 1273 2485 dem·

131 2511 240 2585 ⁸elben
253 2520 468 2607 Satagefiige:
498 2519 552 2585 Pl.
569 2521 655 2585 Men.
669 2522 733 2586 596
756 2525 953 2611 corrupit-
974 2522 1147 2609 inspexim.
1179 2522 1275 2587 Eben

132 2625 176 2675 ⁸0
205 2643 269 2687 vom
303 2621 380 2687 Ind.
409 2645 483 2687 zum
512 2622 609 2709 Oonj.
641 2621 849 2708 iibergebend
882 2625 966 2692 Ter.
1000 2624 1084 2690 Eun.
1114 2623 1177 2688 302
1206 2624 1274 2688 und

135 2707 225 2788 1041.
255 2723 457 2790 Ausserdem
472 2723 660 2788 erscbeincn
684 2722 738 2788 die
753 2726 842 2790 Modi
866 2723 1063 2790 willk'urlich
1078 2722 1275 2809 gewechselt

133 2803 444 2910 beigleinhartigem
457 2825 616 2890 Satzbau:
635 2825 913 2895 P1.Pers.75sed
931 2848 1046 2891 sumne
1065 2825 1125 2911 eg'o
1144 2825 1273 2906 stultus,

37 2916 40 2925 ¹
136 2922 197 2996 qui
213 2947 271 2992 rem
294 2949 374 2992 curo
391 2925 582 3012 publicam?
616 2927 706 2991 Trin.
725 2929 805 2993 1057
822 2931 873 2992 set
888 2950 948 3013 ego
969 2951 1040 2993 sum
1057 2927 1273 3014 insipientior,

136 3020 198 3122 {1¹15
213 3030 300 3094 rebus
324 3048 435 3092 curem
458 3025 609 3113 publicis.
647 3028 733 3093 Men.
756 3029 819 3094 309
841 3029 964 3094 insanit
986 3028 1201 3114 bicquidem,
1218 3027 1275 3113 qui

24 3122 42 3155 ¹
138 3128 210 3200 ¹P⁸e
225 3131 303 3194 male
326 3131 408 3195 dicit
430 3129 505 3194 sibi.
548 3129 624 3194 Und
655 3129 762 3213 gleich
793 3131 914 3196 darauf
934 3155 965 3195 v.
989 3131 1051 3195 313
1079 3141 1116 3194 tu
1143 3129 1273 3216 quidem

10 3235 15 3272 ³
49 3224 59 3255 ²
138 3206 238 3295 berulo
266 3241 355 3297 carte
386 3254 450 3297 non
480 3230 589 3294 sanu's
620 3230 700 3295 satis
729 3269 768 3280 -
796 3233 851 3319 qui
880 3253 966 3296 nunc
994 3231 1084 3319 ipsus
1113 3230 1198 3294 male
1225 3231 1273 3295 di·

142 3333 200 3387 Ν
213 3330 274 3398 tibi.

220 3431 280 3499 Scit
301 3433 361 3499 der
389 3431 596 3499 klassiscben
619 3433 694 3498 Zeit
720 3432 902 3520 iiberwiegt
928 3434 986 3499 der
1014 3433 1093 3498 Con
1098 3459 1112 3520 J
1121 3435 1273 3499 unctiv.

10 3528 76 3627 rat
149 3510 292 3619 thaar
314 3533 438 3622 Belage
460 3536 534 3615 sind
556 3532 787 3600 hinreichend:
817 3534 971 3599 Oornif.
995 3535 1025 3617 3,
1052 3535 1091 3600 15
1113 3557 1178 3600 non
1202 3556 1273 3598 sum

10 3627 54 3676 ³³*
153 3631 268 3719 Mon,
288 3645 447 3723 quantum
470 3637 669 3722 susceperim
694 3635 826 3721 negotii,
850 3638 904 3723 qui
930 3675 964 3684 —
990 3645 1124 3701 conatus
1147 3636 1218 3700 sim.
1241 3636 1273 3717 4,

10 3710 69 3821 ‚¹³⁸
159 3712 249 3800 311111
268 3759 308 3803 ne
329 3737 434 3803 facias
456 3738 672 3825 impudenter,
697 3738 808 3823 qui-
824 3736 917 3802 velis.
956 3736 1047 3801 Aber
1062 3737 1116 3800 die
1136 3736 1274 3821 iibrigen

10 3824 71 3878 ”³³
162 3812 306 3924 581111,
336 3837 460 3903 welche
482 3837 632 3904 Paetzou
655 3837 688 3902 S.
715 3838 755 3902 15
783 3838 866 3902 noch
894 3859 953 3901 aus
981 3836 1105 3902 cornu.
1129 3835 1272 3920 aufuns,

49 4008 80 4027 Ι,
167 3921 293 4005 fideiah
319 3940 413 4005 nicht
438 3939 584 4023 bierher3
612 3937 768 4003 hiernach
796 3939 907 4002 finden
937 3939 1005 4003 sich
1034 3938 1086 4002 bei
1115 3937 1183 4001 ihm
1212 3960 1274 4002 nur

169 4034 229 4101 ι111
254 4041 334 4108 011.
357 4041 453 4106 Rosc.
480 4042 552 4105 Am.
576 4040 595 4105 8
618 4041 674 4126 qui
702 4040 737 4104 in
758 4062 817 4104 sua
839 4062 874 4103 re
896 4039 1012 4103 fuisset
1034 4040 1273 4123 egentissimus,

144 4200 147 4205 .
169 4143 335 4228 1111111111,
357 4139 500 4207 insolens
529 4142 562 4206 in
591 4141 706 4209 aliena.
751 4140 848 4205 Tusc.
872 4141 902 4220 3,
928 4140 967 4203 12
988 4139 1166 4225 Tarquinio
1195 4162 1274 4204 vero

10 4299 23 4333 ,
49 4288 60 4311 1
162 4236 216 4325 (tid
237 4244 473 4333 impudentius,
502 4245 557 4330 qui
586 4241 707 4307 bellum
735 4251 864 4325 gereret
892 4262 963 4305 cum
993 4240 1048 4320 iis,
1080 4241 1135 4326 qui
1159 4251 1215 4304 ctt.
1234 4264 1271 4326 p.

35 4338 52 4441 Σ
156 4334 322 4427 mato.
358 4367 391 4432 p.
415 4343 515 4409 Arch.
546 4345 594 4425 10,
617 4345 670 4408 24.
703 4343 758 4406 fin.
785 4342 818 4424 5,
839 4342 892 4422 20,
914 4341 966 4405 55.
1001 4341 1071 4404 Att.
1104 4340 1229 4422 10,10,
1255 4341 1266 4402 1

10 4440 13 4445 ¹
152 4445 735 4534 1611111111,ᾳυί111111111111111
764 4440 914 4505 viderim.
955 4440 1065 4504 Caes.
1090 4441 1121 4504 b.
1144 4461 1175 4525 g.
1198 4439 1274 4520 5‚4
