2948 4988
576 319 802 385 -233-

142 499 151 554 1
178 512 222 555 44
244 488 324 577 quid
346 490 400 573 agi
422 510 495 553 oum
518 489 637 574 populo
661 526 701 536 -
723 486 837 575 possit.
881 489 981 554 Vell.
1003 491 1160 572 2,124,4
1186 513 1259 556 con·

142 593 238 655 tontis
266 599 303 655 ut
331 628 373 640 -
400 590 650 657 commendaret.
696 587 867 670 Quintil.
892 592 922 668 2,
947 591 995 672 10,
1018 591 1039 655 9
1065 614 1124 656 444
1152 590 1260 676 legum

142 701 299 780 opertorcs
332 694 404 757 sine
436 714 564 757 summa
598 693 633 754 vi
669 690 785 757 orandi
823 702 1013 757 consecutos
1051 700 1088 757 ut
1127 715 1162 757 se
1197 694 1261 780 ipsi

142 795 265 858 omines
295 793 338 858 ad
366 795 559 859 servitutem
581 792 661 857 iuris
684 792 938 878 adstringerent.
982 792 1014 875 8,
1029 793 1097 875 3,3
1120 815 1162 858 au
1185 816 1260 859 oon·

142 905 250 960 ecutus
275 903 363 959 esset
384 904 421 959 41
444 931 478 943 —
505 892 741 966 confiteretur?

199 996 388 1080 (Adrbiscor
409 994 476 1060 und
497 997 664 1062 4444414444
685 995 792 1061 haben
813 998 867 1062 nie
882 998 977 1062 einen
994 997 1260 1064 Substantivsatz

142 1099 174 1164 rit
195 1101 260 1183 441.)
1101 1122 1104 1127 ’

199 1199 381 1282 Impetrare
412 1200 480 1265 und
507 1205 708 1284 perpetrare:
750 1197 830 1264 (lie.
864 1200 906 1264 ad
935 1201 1006 1265 Att.
1028 1202 1060 1283 9,
1081 1202 1169 1265 241
1202 1203 1261 1266 im·

142 1301 278 1384 strabis,
311 1302 437 1388 inquis,
469 1324 489 1366 a
517 1302 658 1367 Caesare
691 1311 727 1366 ut
760 1302 820 1366 tibi
854 1302 970 1366 abesse
997 1302 1104 1366 liceat.
1150 1302 1262 1368 0444.

142 1452 145 1467 .
165 1425 202 1489 g.
229 1405 262 1486 1,
275 1405 306 1469 9.
335 1403 430 1468 Eben
454 1425 490 1469 so
512 1402 585 1466 Liv.
607 1426 639 1467 u.
663 1402 809 1488 Sptitere.
845 1402 1043 1468 Ausserdem
1066 1402 1170 1469 findet
1191 1404 1262 1468 sich

142 1506 165 1569 ei
196 1502 337 1569 Plautus
366 1503 424 1570 der
452 1503 561 1569 blosse
583 1503 800 1593 Oonjunctiv,
834 1505 887 1569 bei
915 1503 1049 1569 Tacitus
1079 1526 1176 1589 sogar
1204 1503 1263 1569 der

142 1628 238 1672 ocus.
262 1629 290 1671 e.
313 1605 374 1669 inf.
419 1605 569 1689 Perpetro
598 1611 634 1672 ut
661 1597 725 1671 nur
751 1608 804 1671 ein
826 1607 893 1671 Μ41
921 1603 974 1670 bei
1001 1605 1087 1672 Tac.
1112 1628 1187 1671 ann.
1213 1608 1261 1688 12,

142 1709 163 1773 l.
189 1745 233 1755 —
256 1706 426 1772 Incertum
447 1712 612 1772 estut-
634 1719 839 1772 sumerentur
861 1706 961 1772 Plin.
985 1707 1017 1771 b.
1040 1730 1072 1771 4.
1094 1709 1135 1772 27
1157 1712 1188 1790 ξ.
1210 1709 1261 1774 95.

200 1809 374 1891 Eaiocere,
390 1811 581 1892 pervincere,
604 1811 734 1874 vincere.
771 1808 889 1874 Darou
911 1807 1013 1873 findet
1036 1808 1105 1873 rich
1119 1813 1263 1876 ‘evincere

145 1913 208 1976 ebt
229 1933 293 1976 vor
313 1909 469 1994 Virgil,
498 1911 558 1974 mit
578 1915 615 1975 41
635 1920 703 1975 erst
724 1911 787 1974 seit
808 1909 966 1973 Livius:
1003 1911 1072 1992 2,4
1093 1911 1261 1977 evincunt·

142 2035 181 2076 re
202 2011 360 2075 instando
383 2021 420 2075 ut
442 2008 571 2075 litterae
593 2011 657 2077 sibi
679 2011 722 2074 ad
743 2011 938 2097 Tarquinios
962 2011 1129 2077 darentur.
1173 2015 1204 2095 3,
1221 2016 1260 2077 41

142 2164 146 2176 ,
176 2113 261 2178 hanc
283 2112 477 2177 seutentiam
499 2122 537 2177 ut
559 2110 792 2196 discederetur,
815 2114 958 2177 iuniores
981 2122 1113 2199 patrum
1135 2115 1263 2179 evince-

142 2225 209 2282 441.
251 2214 283 2296 5,
304 2214 346 2277 26
375 2224 484 2301 patres
507 2236 636 2279 summa
656 2236 716 2300 ope
739 2215 907 2279 evicerunt
928 2224 965 2279 ut
987 2213 1033 2277 M.
1056 2213 1178 2280 Furius
1202 2216 1262 2280 Ca·

143 2314 228 2380 illus
250 2315 391 2380 dictator
412 2324 588 2380 crearetur.
633 2314 723 2380 Aber
744 2315 849 2398 nicht,
884 2337 952 2379 was
975 2314 1076 2380 Klotz
1099 2317 1203 2381 eitirt:
1230 2317 1261 2395 4,

142 2416 176 2479 ἶ.
196 2455 235 2464 -
263 2415 370 2481 Suet.
393 2416 468 2480 Tib.
491 2417 532 2480 37
555 2437 616 2479 nec
636 2426 672 2480 ut
694 2426 864 2487 revocaret
886 2415 1090 2501 (histriones)
1120 2439 1263 2503 unquam

142 2515 199 2580 ,lis
230 2515 342 2604 populi
377 2518 528 2605 precibus
555 2519 664 2602 potuit
691 2518 807 2582 evinci.
855 2517 951 2583 Mehr
979 2517 1060 2582 wird
1088 2518 1178 2583 nicht
1206 2541 1262 2584 44-

142 2616 260 2683 4111141.

209 2720 301 2786 Auch
324 2723 492 2805 poniaco,
521 2710 663 2786 'welches
693 2722 795 2787 schon
826 2721 879 2786 bei
902 2718 1037 2786 Plautus
1066 2721 1262 2805 vorkommt,

142 2821 212 2886 ·.eht
236 2823 294 2887 mit
316 2828 352 2888 41
379 2832 446 2888 erst
467 2824 521 2887 bei
545 2824 685 2888 Livius
708 2824 775 2888 und
798 2845 885 2887 zwar
906 2823 996 2888 uicbt
1018 2822 1138 2888 seiten:
1172 2825 1201 2907 2,
1222 2825 1265 2888 40

142 2923 291 2989 ervieere
325 2935 413 2989 certe
440 2934 477 2989 ut
517 2934 549 2989 et
575 2924 713 2989 Veturia
745 2935 777 2990 et
804 2923 981 2990 Volumnia
1014 2962 1052 2972 -
1086 2925 1120 2989 in
1156 2936 1266 2990 cestra

142 3025 264 3089 ostium
286 3028 382 3090 irent.
425 3027 457 3108 4,
480 3026 531 3090 12.
561 3027 614 3110 23,
635 3028 665 3094 5.
694 3026 747 3109 29,
763 3027 814 3090 31.
842 3027 894 3110 32,
911 3027 963 3091 28.
990 3027 1100 3108 42,18
1123 3027 1189 3093 und
1211 3028 1263 3092 45.

142 3118 225 3191 'toust
244 3126 401 3222 ningends
423 3128 682 3213 nacbgewicsen.

217 3229 330 3295 Vincor
357 3235 393 3296 41
419 3252 482 3295 nur
509 3231 591 3294 uwei
613 3229 696 3294 Mal:
734 3231 825 3295 Hor.
850 3229 944 3315 epod.
971 3232 1017 3308 17,
1034 3230 1074 3294 27
1105 3250 1182 3314 ergo
1210 3251 1263 3293 ne·

142 3333 235 3396 ,71144
267 3334 384 3397 vincor
414 3343 450 3395 ut
482 3331 611 3396 credam
646 3332 754 3396 miser.
799 3330 888 3396 Tac.
918 3355 993 3395 444.
1019 3331 1068 3414 14,
1092 3331 1135 3395 60
1166 3331 1263 3396 victis

142 3426 320 3501 tuitusdam
341 3444 380 3498 ut
400 3432 487 3498 falsa
508 3434 700 3498 adnuerent.

215 3531 366 3614 obtinere,
391 3535 491 3600 sebon
513 3536 598 3599 oben
621 3557 679 3598 ans
703 3533 836 3599 Plautus
859 3535 965 3617 citirt,
988 3533 1092 3598 findet
1114 3534 1182 3599 sich
1205 3535 1265 3599 mit

142 3628 174 3684 111
198 3645 252 3698 ent
278 3636 399 3701 wieder
426 3636 479 3701 bei
500 3636 584 3702 Liv.
607 3637 637 3719 2,
656 3637 698 3701 43
720 3635 889 3701 obtinuere
912 3646 1021 3722 patres
1043 3644 1080 3700 ut
1102 3637 1136 3699 in
1159 3637 1266 3701 Fabia

148 3740 227 3803 31414
245 3737 430 3803 4444414144
452 3745 608 3803 maneret.
652 3737 762 3820 35,10
792 3737 841 3801 bis
864 3737 1006 3803 obtinuit
1027 3746 1064 3801 ut
1086 3737 1263 3823 praeferre·

154 3830 203 3897 l¹¹1·
231 3838 326 3905 Suet.
350 3839 465 3906 Claud.
487 3841 526 3903 41
551 3861 627 3904 mox
649 3840 801 3926 princeps
824 3841 968 3904 obtinuit
988 3849 1025 3903 ut
1046 3840 1081 3902 in
1102 3861 1164 3903 usu
1186 3861 1264 3923 quo·

160 3940 205 4006 3¹¹0
220 3942 392 4020 promiscuo
415 3951 533 4006 essent.

226 4037 312 4107 Teneo
339 4048 375 4108 41
402 4045 464 4107 seit
491 4042 571 4107 Cic.
594 4042 691 4108 Taso.
716 4046 745 4126 1,
761 4043 803 4105 42
836 4051 1003 4106 teneamus
1032 4051 1068 4105 ut
1089 4038 1169 4104 nihil
1192 4062 1264 4106 cen-

169 4141 260 4206 1111144
280 4166 350 4208 esse
373 4143 509 4228 malum,
538 4144 634 4229 quod.
679 4145 742 4209 Mit
763 4142 997 4230 Brachylogie:
1030 4144 1060 4220 5,
1084 4144 1133 4221 11,
1154 4142 1197 4205 34
1219 4151 1265 4205 te·

170 4243 263 4307 111444
281 4255 317 4310 41
338 4247 382 4310 sit
403 4246 491 4310 idem
512 4246 731 4310 beatissimus.
769 4244 967 4331 Regelrecht
988 4244 1048 4307 mit
1070 4244 1148 4307 Ace.
1165 4265 1191 4305 c.
1207 4242 1264 4308 inf.

173 4324 216 4410 ll·
234 4343 291 4410 104.
315 4347 386 4411 107.
430 4346 514 4410 Liv.
537 4346 574 4427 2,
595 4348 637 4410 42
665 4358 798 4412 1444444
821 4357 928 4412 tamen
952 4356 1060 4431 patres
1082 4353 1118 4408 ut
1141 4382 1181 4391 -
1204 4344 1264 4407 Fa·

174 4421 220 4495 bius
242 4450 340 4512 consul
373 4457 549 4512 crearetur.
594 4448 652 4529 23,
674 4449 717 4511 20
749 4456 925 4514 tenuerunt
957 4447 1129 4534 optimates
1157 4456 1193 4511 ut
1226 4483 1263 4493 ·-

222 4546 493 4609 manumiserimus:
508 4558 548 4598 der
562 4558 603 4598 lat.
617 4559 665 4606 spr.
681 4560 712 4601 11.
1066 4553 1096 4601 16
