2948 4988
632 304 844 368 ..84-

165 478 229 519 non
252 455 412 520 abhorret.
451 458 522 519 Au.
544 455 574 537 2,
597 458 628 538 4,
650 456 671 519 6
696 456 730 520 id
761 466 793 519 et
814 458 909 522 nobis
933 459 996 522 erit
1017 457 1257 543 periucundum
1279 469 1309 522 et

165 557 225 620 tibi
247 580 312 620 non
335 578 412 620 sane
435 557 578 620 devium.
625 556 829 641 Umgckehrt
851 558 904 621 bei
928 558 1048 621 Varro
1071 581 1097 622 r.
1115 580 1141 622 r.
1154 559 1196 640 -3‚
1223 559 1307 638 14‚1

165 657 254 722 locus
278 660 305 721 is
330 659 452 740 melior,
476 679 573 743 quem
595 669 628 722 et
642 654 711 721 non¹
724 658 834 743 coquit
849 658 896 722 sol
913 669 945 723 et
960 660 1067 743 tangit
1081 680 1147 723 ros.
1183 657 1307 722 Pallad.

164 758 193 838 6,
218 761 248 837 7,
271 759 301 823 2.
347 760 452 823 Dabei
487 758 576 822 kann
610 760 668 823 der
697 758 884 843 Gegensatz
916 760 973 824 des
1007 762 1146 824 aweiten
1175 757 1309 825 Gliedes

165 861 267 925 durch
290 865 343 925 oin
366 860 615 944 hinzugeliigtes
644 866 749 925 lumea
776 861 944 926 verstarkt
966 861 1114 925 werden:
1148 861 1238 925 Liv.
1259 861 1308 943 21,

163 963 194 1043 3,
218 963 238 1026 3
261 972 293 1026 et
321 984 459 1048 aequum
487 960 654 1048 postulare
683 961 815 1026 videtur
842 960 1031 1026 Hasdrubal
1060 972 1093 1027 et
1115 983 1177 1047 ego
1200 974 1307 1029 tamen

162 1084 225 1127 non
249 1084 365 1127 censeo
388 1064 474 1147 quod
497 1069 578 1149 petit
600 1064 820 1129 tribuendum.
865 1062 898 1127 S.
922 1062 1068 1128 daselbst
1090 1063 1279 1128 Weissenb.

247 1169 277 1246 ξ.
300 1166 373 1228 327.
419 1164 507 1228 Statt
528 1186 626 1246 aeque
649 1164 731 1249 lolgt
753 1166 807 1229 ein
829 1164 1033 1249 steigerndes
1056 1185 1095 1229 ae
1113 1201 1149 1213 —
1174 1167 1307 1246 quidem,

136 1270 275 1330 ‘zuerst
297 1266 349 1330 bei
373 1267 441 1330 Cic.
465 1264 546 1330 Phil.
570 1267 601 1346 3,
624 1266 656 1348 2,
679 1267 699 1330 3
726 1287 787 1330 nec
814 1265 1056 1351 postulantibus
1079 1287 1139 1329 nec
1162 1266 1307 1349 cogitan-

162 1368 260 1446 tibus,
283 1390 325 1431 ne
348 1367 535 1455 optantibus
558 1368 699 1452 quidem.
737 1367 812 1433 Sen.
830 1380 937 1454 tranq.
956 1368 1042 1448 1:23
1065 1377 1098 1431 et
1120 1366 1204 1431 nihil
1219 1389 1306 1452 mag·

161 1492 250 1548 num,
273 1467 354 1533 nihil
377 1490 536 1545 severum,
559 1490 600 1531 ne
622 1470 742 1532 serium
764 1467 897 1555 quidem
915 1504 952 1515 —
974 1479 1079 1554 putat.
1118 1467 1235 1533 Oefter
1256 1469 1306 1533 bei

162 1569 344 1635 Tacitus:
368 1569 409 1634 G.
433 1572 450 1634 7
475 1591 580 1655 neque
601 1568 863 1634 animadvertere
886 1591 991 1654 neque
1014 1569 1149 1652 vincire,
1173 1591 1214 1633 ne
1236 1591 1305 1634 ver·

164 1674 277 1736 berare
292 1670 432 1757 quidem.
470 1672 513 1735 44
528 1693 632 1757 neque
654 1669 796 1735 nobilem
812 1692 917 1758 neque
932 1672 1121 1755 ingenuum,
1145 1694 1187 1736 ne
1210 1671 1306 1737 liber·

162 1774 268 1837 tinum
290 1774 432 1859 quidem.
476 1770 517 1838 37
540 1794 605 1835 non
628 1772 712 1855 (drei
734 1771 817 1857 Mal)
843 1794 883 1836 ne
906 1772 1019 1837 Parthi
1041 1770 1185 1859 quidem.
1222 1772 1254 1836 h.
1275 1772 1306 1851 2,

161 1875 203 1940 82
230 1897 335 1961 neque
364 1873 536 1937 Mucianus
565 1912 605 1921 -
634 1859 923 1960 ne'Vespasianus
950 1875 1092 1960 quidem.
1135 1895 1211 1938 ann.
1236 1875 1307 1956 1,4

161 1982 190 2040 et
211 1978 315 2061 prima
337 1975 379 2038 ab
402 1974 603 2038 infantia-
626 1996 667 2038 ne
690 1975 731 2037 iis
754 1973 886 2060 quidem
909 1976 1013 2039 annis.
1053 1974 1137 2054 11,6
1158 1979 1188 2040 et
1209 1973 1306 2039 bona·

161 2100 232 2140 rum
258 2077 376 2141 artium
400 2114 437 2122 —
462 2099 503 2140 ne
525 2074 622 2139 fidem
645 2077 777 2161 quidem
799 2085 856 2140 ctt.
900 2076 1003 2141 Suet.
1029 2076 1115 2140 Nero
1140 2077 1181 2140 10
1201 2098 1307 2162 neque

162 2176 368 2243 liberalitatis
390 2199 495 2264 neque
517 2177 717 2255 clementiae,
745 2199 786 2240 ne
809 2177 971 2242 comitatis
994 2176 1125 2264 quidem
1149 2176 1305 2242 exhiben-

162 2281 222 2343 dae
244 2280 457 2345 occasionem.
494 2278 557 2342 Mit
579 2299 616 2343 ae
636 2277 858 2365 angeknlipft:
887 2277 939 2343 Id.
963 2277 1034 2343 Cal.
1056 2278 1108 2344 52.
1153 2278 1248 2343 Eben
1271 2300 1307 2342 se

163 2381 261 2468 Apul.
287 2392 362 2445 met.
385 2381 417 2463 4,
438 2380 489 2447 28.
511 2380 605 2443 2911.
630 2380 724 2447 lister.

245 2485 275 2563 ξ.
309 2483 382 2547 328.
438 2479 788 2565 Unvollstttndige
829 2480 1152 2567 Oorresponsion
1189 2481 1305 2564 (Par.

160 2583 290 2648 ticula
323 2584 533 2668 pendens).
579 2580 746 2646 Zuweilen
774 2583 855 2646 wird
884 2582 943 2646 das
972 2583 1087 2647 aweite
1114 2604 1306 2669 correspon-

161 2684 298 2748 dirende
314 2683 410 2749 Glied
426 2685 537 2748 nicht
558 2685 597 2746 in
615 2681 832 2746 derselben
856 2683 977 2764 Fortu,
1002 2685 1145 2749 sondern
1161 2685 1198 2747 in
1215 2685 1305 2749 einer

159 2785 302 2848 anderen
334 2785 509 2868 Wendung
536 2782 773 2867 ausgedriickt,
806 2783 1004 2848 namentlieh
1030 2807 1125 2849 wenn
1155 2784 1214 2848 der
1243 2786 1305 2849 Re·

161 2886 266 2950 deude
289 2887 367 2951 oder
391 2885 611 2950 Schneibende
634 2884 735 2948 durch
753 2884 1002 2970 Verlaugerung
1018 2885 1075 2949 der
1091 2886 1232 2952 Perinde
1257 2886 1305 2951 bis

160 3011 234 3051 aum
262 2990 399 3051 zweiten
427 2985 546 3050 Gliede
575 3008 632 3048 zur
661 2984 861 3070 Aenderung
889 2985 947 3048 der
975 2986 1125 3052 Structur
1155 2986 1306 3052 verleitet

161 3090 258 3153 ward.
304 3088 372 3151 Fur
395 3088 527 3168 Cicero,
551 3087 609 3150 der
632 3088 702 3152 sich
726 3090 814 3152 diese
838 3087 1103 3171 Nachldssiglceit
1125 3089 1305 3166 besonders

160 3191 193 3252 in
209 3187 273 3254 den
288 3189 423 3273 flnchtig
437 3188 693 3272 geschriebenen
707 3188 994 3275 philosophischen
1008 3188 1184 3272 Schriften,
1201 3190 1304 3254 selten

161 3293 193 3353 in
216 3290 280 3354 den
304 3290 417 3355 Reden
441 3289 583 3372 erlaubt‚
619 3293 661 3354 ist
689 3292 759 3355 dies
793 3289 926 3376 speciell
962 3290 1210 3374 nachgewiesen
1242 3314 1304 3354 von

160 3392 325 3475 Madvig
348 3393 390 3456 im
415 3392 543 3456 Excurs
566 3414 607 3455 zu
629 3393 669 3455 de
692 3393 746 3455 fin.
770 3393 803 3456 S.
827 3391 887 3456 797
904 3392 972 3475 lgg.
1017 3391 1075 3455 Ich
1099 3391 1306 3456 beschranke

159 3495 245 3558 mich
281 3495 351 3557 hier
379 3494 536 3557 aunachst
561 3494 621 3558 aul
645 3492 832 3580 diejenigen
855 3491 991 3574 Stellen,
1022 3515 1071 3557 wo
1094 3491 1154 3555 aul
1173 3497 1202 3556 et
1224 3493 1304 3559 oder

159 3614 257 3675 aeqtte
279 3592 425 3658 dieselbe
447 3592 756 3679 correspondirende
779 3593 925 3656 Partikel
948 3604 1100 3658 erwartet
1124 3594 1218 3658 wird.

247 3700 273 3758 l.
318 3695 363 3760 Et
386 3695 432 3760 als
455 3695 622 3759 Particula
644 3694 805 3782 pendens:
840 3697 918 3758 Cic.
943 3694 1009 3758 div.
1035 3698 1062 3776 l,
1086 3694 1139 3777 30,
1163 3695 1204 3759 63
1228 3717 1303 3759 nam

159 3809 192 3863 et
215 3796 249 3860 id
271 3799 378 3882 ipsum
401 3796 516 3860 vident
537 3806 590 3864 ctt.
635 3797 680 3860 Es
708 3797 792 3880 folgt
821 3797 880 3859 das
908 3797 1023 3860 aweite
1046 3794 1145 3860 Glied
1173 3796 1207 3858 in
1230 3818 1304 3862 ver·

160 3899 312 3962 anderten
340 3899 436 3962 Form
465 3904 496 3976 ς’.
519 3898 561 3960 64
589 3899 738 3963 divinare
766 3907 873 3961 autem
900 3898 1083 3960 morientes.
1128 3899 1157 3979 1,
1183 3896 1232 3979 18,
1261 3898 1305 3962 34

159 4001 187 4063 si
217 4012 249 4063 et
281 4003 507 4064 auctoritatem
540 4000 638 4064 habet
671 4000 845 4064 vetustatis
853 4046 861 4078 ,
896 3998 1023 4062 woraul
1046 3997 1159 4081 folgen
1191 3996 1304 4063 sollte:

160 4111 193 4164 et
225 4101 340 4164 divina
372 4101 406 4163 vi
438 4114 541 4166 sortes
576 4102 805 4166 subornantur.
849 4100 941 4163 Aber
968 4110 1049 4163 statt
1071 4097 1190 4162 descen
1213 4096 1306 4163 thhrt

160 4204 275 4266 Cicero
298 4202 376 4265 lert:
400 4224 482 4288 quae
504 4212 613 4265 tamen
635 4202 753 4265 ductae
780 4212 816 4265 ut
843 4201 877 4264 in
903 4223 969 4264 rem
992 4211 1068 4286 apte
1090 4200 1209 4264 cadant
1231 4201 1305 4265 fieri

159 4325 255 4388 posse
270 4302 368 4366 credo
383 4303 552 4370 (livinitus,
590 4304 685 4384 1,49,
704 4305 760 4366 lll
786 4324 861 4365 narn
884 4312 915 4365 et
937 4314 1056 4367 natura
1077 4300 1187 4365 futura
1208 4323 1304 4388 prae·

161 4405 274 4489 sentit,
320 4415 355 4468 ut
397 4425 554 4490 aquarum
598 4403 777 4468 eluviones.
829 4403 926 4467 Dann
959 4403 1041 4468 wind
1073 4403 1127 4466 ein
1169 4405 1305 4468 aweites
