2948 4988
576 278 807 343 ..438-

126 470 221 513 serva
243 448 303 513 tibi
327 448 360 512 in
384 460 574 535 perpetuom
596 448 735 512 amicum
760 469 809 510 rna
824 485 876 511 —.
906 448 998 515 Haec
1018 471 1076 537 per
1100 450 1264 515 dexteram

127 561 214 614 tuam
237 561 270 614 te
292 551 439 630 obsecro,
463 547 626 614 infidelior
649 549 727 613 mihi
751 570 791 612 nc
813 549 888 614 fuas
911 571 1008 635 quam
1031 572 1093 637 ego
1108 574 1181 617 sum
1196 552 1264 616 tibi.

126 653 208 717 Hier
230 653 273 716 ist
295 651 349 715 die
370 649 652 735 Rtickbcziehung
673 651 769 715 nebst
797 649 856 715 der
877 650 1052 736 folgenden
1076 652 1265 737 Epexegese

125 752 337 839 augenfttllig.
382 751 489 816 Daltir
513 753 582 815 tritt
605 751 690 815 daun
713 753 797 834 quod
818 753 870 817 ein
893 755 955 817 seit
977 753 1151 819 Terenz:
1187 755 1263 819 Hec.

126 855 187 920 337
211 853 293 919 male
317 864 426 918 metuo
454 877 494 918 ne
519 852 727 918 Philumenae
753 854 858 939 megis
881 853 1014 919 morbus
1037 855 1264 941 adgravescat.

126 954 224 1036 Quod
254 966 303 1039 te,
333 955 527 1040 Aesculapi,
554 964 586 1019 et
608 965 655 1033 te,
675 954 800 1036 ‚Salus,
828 976 869 1019 ne
896 955 975 1042 quid
1004 957 1049 1020 sit
1076 954 1175 1021 huius
1202 978 1265 1020 oro.

126 1057 217 1122 Hor.
240 1079 290 1144 ep.
317 1058 344 1135 1,
369 1057 396 1138 7,
420 1056 461 1119 92
484 1055 537 1142 pol
561 1079 610 1120 me
631 1058 795 1133 miserum,
818 1067 962 1142 patrone,
986 1079 1135 1140 vocares,
1159 1056 1186 1122 si
1203 1056 1266 1121 vel·

125 1158 182 1239 les,
207 1160 322 1246 inquit,
345 1177 459 1221 verum
483 1157 561 1220 mihi
585 1178 707 1242 ponere
728 1178 854 1222 nomen.
885 1154 983 1239 Quod
1005 1167 1038 1222 te
1061 1158 1265 1245 pergenium
1371 1214 1382 1245 u

126 1297 166 1308 -
189 1259 322 1325 obsecro
344 1268 377 1322 et
398 1258 562 1323 obtestor:
586 1259 675 1323 vitae
697 1281 747 1321 me
769 1257 871 1324 redde
893 1259 1004 1345 priori.
1034 1258 1108 1324 Sil.
1134 1261 1184 1342 13,
1206 1259 1266 1324 463
1353 1288 1382 1349 4

124 1361 211 1448 quod
232 1363 266 1425 le
289 1380 347 1446 per
368 1360 471 1424 nostri
495 1358 609 1423 Martis
632 1359 895 1446 precoraemula
918 1359 1018 1425 facta:
1044 1383 1119 1426 arce
1144 1398 1181 1407 —
1205 1381 1264 1424 me
1340 1417 1382 1435 ,

125 1462 295 1529 dicamina.
326 1459 566 1525 Undeutlicher
588 1462 631 1526 ist
653 1461 706 1525 die
727 1460 1011 1546 Rttckbeaiehung
1034 1461 1069 1525 in
1090 1460 1264 1547 folgenden
1317 1505 1382 1555 Q

126 1563 262 1630 Stellen:
286 1563 372 1627 Ter.
392 1561 494 1631 Andr.
517 1562 581 1627 289
603 1561 690 1649 quod
714 1583 774 1646 ego
796 1583 855 1646 pcr
877 1563 960 1627 hanc
982 1570 1015 1627 te
1037 1564 1190 1628 dextram
1210 1585 1264 1628 oro
1295 1601 1382 1653 Ο,

125 1703 166 1713 -
189 1686 311 1751 perque
339 1662 435 1728 huius
469 1662 678 1729 solitudinem
707 1672 740 1727 te
767 1661 930 1747 obtestor,
964 1685 1006 1728 ne
1034 1667 1095 1730 abs
1123 1675 1157 1729 te
1184 1665 1382 1756 112anAE

126 1787 277 1851 segreges
294 1788 357 1830 neu
373 1766 514 1831 deseras.
545 1765 609 1829 Mit
630 1763 818 1849 folgendem
841 1766 1068 1852 Imperativ
1092 1769 1169 1851 (wie
1184 1766 1377 1857 ebert),n

127 1869 180 1932 bei
202 1865 328 1954 Horas)
354 1867 459 1952 Virg.
484 1870 567 1931 Aen.
589 1868 619 1946 2,
646 1868 704 1930 141
729 1865 816 1953 quod
839 1878 871 1932 te
893 1889 953 1955 per
974 1889 1110 1954 superos
1135 1888 1248 1931 -oro
1291 1908 1370 1957 Q.

125 1971 278 2033 miserere
302 1969 447 2034 laborum
464 1979 640 2035 tantorum.
671 1968 700 2050 6,
723 1968 785 2032 363
808 1968 895 2054 quod
918 1978 950 2031 te
972 1991 1030 2055 per
1051 1967 1135 2034 caeli
1156 1968 1360 2053 iucunQ,

125 2069 203 2134 dum
231 2072 340 2134 lumen
368 2080 401 2133 et
425 2093 539 2154 auras,
568 2092 626 2156 per
653 2071 835 2154 genitorem
864 2092 920 2136 oro
943 2108 982 2117 —
1010 2071 1102 2157 eripe
1128 2092 1179 2134 me
1205 2069 1350 2171 hiffig

124 2172 256 2256 invicte,
280 2171 382 2235 malis.

211 2271 341 2356 Analog
370 2272 444 2336 dem
474 2272 692 2337 erklttrenden
714 2276 798 2356 quod
818 2275 860 2338 ist
882 2272 941 2337 der
963 2272 1101 2340 Ablativ
1124 2295 1184 2357 quo
1206 2294 1331 2352 ετξ,

126 2377 230 2440 einem
254 2373 527 2458 Comparativ,
557 2375 631 2438 (lom
659 2375 748 2439 dann
776 2378 859 2440 noch
888 2375 961 2438 eine
989 2375 1184 2462 Epexegese
1205 2388 1320 2452 unit

126 2497 222 2559 quam
249 2475 342 2561 folgt.
386 2475 503 2561 Belegt
531 2476 612 2540 wird
641 2475 712 2540 dies
741 2499 804 2540 nur
833 2498 892 2541 aus
914 2474 1058 2542 Cicero
1084 2476 1152 2542 und
1179 2484 1223 2540 an
1242 2506 1311 2549 ει

97 2577 285 2642 ‘zunltchst
313 2578 372 2642 mit
401 2576 472 2641 dem
497 2577 608 2642 Ablat.
639 2580 696 2642 des
718 2577 997 2661 Demonstrativs,
1025 2579 1101 2644 loos:
1131 2577 1224 2644 Verr.
1285 2589 1300 2648 4

125 2684 154 2761 ὅ.
178 2681 217 2743 77
241 2678 319 2766 quid
343 2680 405 2743 hoc
427 2688 497 2743 tota
520 2678 633 2743 Sicilia
660 2688 710 2742 est
732 2676 852 2743 clarius
875 2701 971 2765 quam
995 2701 1108 2745 omnes
1134 2719 1169 2728 —
1190 2702 1288 2747 con·

126 2781 279 2845 venisse?
323 2780 414 2844 acad.
440 2782 473 2860 1,
500 2780 553 2862 12,
576 2780 618 2843 45
647 2780 801 2844 censebat
824 2817 862 2827 -
886 2780 968 2844 nihil
991 2793 1141 2866 oportere
1162 2804 1285 2869 neque

124 2883 268 2970 profiteri
293 2906 397 2969 noque
419 2882 584 2944 affirmare
607 2903 800 2968 quemquam
824 2904 928 2966 noque
946 2884 1137 2948 assensione
1150 2906 1276 2970 appro

126 2984 267 3048 bare-
291 3007 395 3071 neque
420 2984 475 3047 lroc
500 2983 676 3069 quidquam
705 3005 775 3046 esse
804 2984 932 3068 turpius
962 3006 1058 3069 quam
1090 2983 1271 3068 cognitioni

125 3096 158 3150 et
191 3086 392 3171 perceptioni
426 3087 645 3149 assensionem
679 3084 1013 3170 approbationemque
1048 3104 1262 3172 praecurrere.

125 3187 218 3251 Ebeu
242 3208 278 3250 so
302 3185 343 3249 ad
367 3189 434 3252 Au.
458 3188 493 3268 4,
517 3187 536 3250 8
562 3186 581 3248 b
604 3189 633 3266 ξ.
656 3185 677 3248 2
700 3186 779 3272 quid
803 3186 887 3249 enim
911 3185 973 3250 hoc
996 3187 1144 3252 miserius
1165 3202 1255 3271 quam
1341 3178 1344 3185 ’

125 3299 180 3352 ctt.
215 3287 256 3351 (le
279 3311 324 3353 or.
353 3292 366 3350 1
391 3291 421 3368 ξ.
448 3288 516 3351 169.
540 3288 560 3350 2
582 3291 612 3368 ξ.
636 3286 686 3350 38.
733 3287 817 3350 Dem
839 3287 1076 3372 cntsprechend
1100 3289 1132 3351 in
1159 3282 1250 3349 rels·
1332 3352 1335 3357 ¹

125 3388 320 3454 tivischer
343 3388 456 3470 Form,
486 3389 565 3453 aber
594 3411 655 3454 nur
669 3389 711 3451 'in
733 3391 892 3473 gewissen
916 3388 1077 3453 Phrasen:
1106 3379 1246 3465 111116)

128 3491 166 3554 19
189 3493 236 3554 ait
258 3493 342 3553 euim
366 3488 530 3554 declinare
552 3500 695 3555 atomum
719 3490 788 3553 sine
810 3512 929 3572 cerusa3
952 3512 1014 3571 quo
1037 3489 1118 3555 nihil
1139 3485 1244 3569 ruptus
1325 3474 1331 3490 i

125 3591 261 3677 physico
291 3615 387 3678 quum
416 3592 486 3654 fiori
517 3592 695 3678 quidquam
724 3593 794 3655 sine
820 3613 918 3655 causa
946 3591 1066 3657 dicere.
1110 3591 1147 3657 (lc
1170 3577 1244 3651 on?
1317 3576 1326 3669 ,ζ

125 3697 156 3773 ξ.
178 3693 242 3756 302
264 3716 327 3778 quo
351 3695 481 3778 quidem
504 3693 584 3757 mihi
607 3694 736 3780 turpius
753 3693 857 3757 videri
879 3692 960 3758 nihil
976 3693 1060 3758 solet
1075 3714 1164 3780 quam
1181 3700 1240 3751 cunt

128 3833 163 3841 -
189 3816 293 3857 sermo
317 3794 370 3858 ille
393 3795 541 3880 sequitur
563 3806 618 3863 ctt.
664 3818 694 3857 n.
718 3795 750 3858 d.
776 3797 802 3873 1,
829 3795 877 3875 15,
900 3794 941 3858 38
965 3818 1029 3880 quo
1052 3795 1129 3882 quid
1147 3793 1240 3858 atsur·

125 3897 199 3960 dius
223 3918 319 3981 quam
342 3907 399 3960 ctt.
1285 3882 1290 3891 .

210 3997 350 4062 Endlich
375 3998 445 4062 tritt
469 4000 526 4062 das
551 3999 747 4086 explicatius
770 4000 854 4079 quod
870 4021 928 4063 vor
951 3999 1047 4062 einen
1070 3997 1166 4063 durclr
1182 3992 1238 4056 eiue

125 4100 346 4186 Uonjunotion
376 4100 452 4163 oder
480 4104 531 4163 eiu
561 4102 693 4164 zivcitcs
724 4100 853 4163 Relativ
882 4101 1110 4185 eingeleiteten
1136 4098 1236 4163 Nebcu

124 4206 205 4283 satz,
230 4199 325 4264 thcils
349 4201 409 4265 mit
430 4201 610 4266 deutliclrer
625 4201 814 4285 Bezichung
835 4203 894 4266 aul
908 4203 966 4268 das
984 4195 1238 4288 vorautgehende,

125 4301 222 4366 tlreils
250 4302 333 4366 ohne
364 4302 508 4367 dieselbc
542 4301 589 4366 als
630 4302 752 4368 blossos
787 4304 1011 4369 Biudemittcl.
1067 4303 1158 4369 Auclr
1185 4299 1238 4364 hier

126 4424 213 4467 muss
242 4403 293 4468 die
317 4404 506 4489 Erklatruug
534 4405 592 4468 des
616 4405 825 4470 Gebrauches
854 4407 915 4480 mit
938 4406 997 4471 ‹ler
1019 4408 1241 4472 demonstre-
