2948 4988
614 263 844 327 ..540-

158 459 231 502 ccre
260 438 355 524 quin,
385 456 459 498 cum
487 433 527 497 de
555 431 611 497 illo
642 432 798 513 tacuerit,
827 452 862 496 11
890 431 1017 496 hostem
1045 433 1208 499 confessus
1225 434 1271 498 sitl

159 540 212 603 fin.
229 539 260 621 4,
278 539 327 621 13,
342 537 384 603 32
406 557 500 599 nemo
523 545 573 599 est
595 535 650 621 qui
673 536 766 600 aliter
787 534 919 615 dixerit,
941 535 1021 620 quin
1045 537 1186 599 omnium
1205 547 1270 601 natu·

159 663 269 705 rarum
292 636 398 703 simile
421 647 508 701 esset
529 636 573 718 id,
596 636 638 699 ad
655 636 743 722 quod
759 637 868 700 omnia
889 636 1091 701 referrentur
1113 639 1269 719 (ianam

87 752 91 757 ’
160 753 209 809 111
232 743 286 827 qui
311 739 439 825 negarit
468 737 650 820 „niemand
673 737 729 802 hat
751 736 868 802 anders
898 737 1078 825 behauptet
1100 738 1147 803 als
1169 740 1269 825 dcccl).

160 845 191 925 5,
218 847 266 925 11,
290 844 332 907 32
354 842 427 927 quis
450 849 559 904 autem
582 840 623 904 de
645 839 717 925 ipso
740 840 886 926 sapiente
910 841 1004 906 aliter
1026 843 1190 925 existimat,
1208 844 1269 926 quin,

160 946 258 1009 etiam
281 966 354 1008 cum
378 943 560 1007 decreverit
576 962 646 1004 esse
666 942 878 1025 moriendum,
901 951 1011 1006 tamen
1026 942 1172 1008 discessu
1191 943 1268 1006 esuis

162 1085 200 1094 -
224 1054 403 1112 moveatur.
448 1042 567 1107 Dieser
590 1043 688 1108 Form
710 1066 783 1107 zum
798 1043 978 1107 Ausdruck
1002 1044 1060 1108 des
1084 1044 1268 1131 Gegematres

164 1152 331 1233 begeguen
360 1147 420 1209 wir
446 1146 529 1210 auch
555 1143 608 1209 bei
638 1143 765 1208 Varro
792 1144 813 1209 l.
836 1144 859 1209 l.
883 1146 904 1209 9
930 1168 963 1232 p.
990 1145 1050 1209 129
1077 1146 1149 1234 Bip.
1170 1148 1268 1212 1111111111

161 1271 225 1314 aon
252 1249 445 1328 conceditur,
474 1247 552 1332 quin
580 1246 627 1311 ita
651 1236 792 1312 dicatur.
838 1247 932 1312 Bben
960 1270 996 1313 so
1028 1247 1083 1313 bei
1113 1248 1229 1328 Caesar,
1249 1269 1267 1308 1.

161 1363 271 1416 unten.

247 1453 481 1535 Zeitgenossen
504 1455 558 1513 des
582 1449 712 1513 Cicero:
742 1449 935 1514 Vatinius
964 1451 1006 1515 ad
1034 1450 1266 1534 fam.5,10‚1‚

161 1577 225 1620 non
248 1555 395 1618 desistam
424 1555 503 1638 quin
525 1550 619 1615 illum
642 1550 818 1638 aliquando
848 1573 970 1616 eruam.
1015 1550 1265 1631 0111111118,

163 1657 217 1735 14,
240 1656 260 1721 3
288 1653 369 1719 illud
398 1664 431 1718 te
457 1676 522 1718 non
552 1652 694 1718 arbitror
718 1655 828 1737 supere
850 1654 929 1740 quin
951 1653 1102 1720 homines
1124 1656 1157 1720 in
1176 1655 1266 1718 disten·

160 1758 251 1821 sione
273 1757 451 1822 domestica
465 1754 608 1820 debcant
623 1792 661 1801 —
679 1756 897 1820 honestiorem
920 1760 1013 1842 sequi
1036 1767 1169 1844 partem.
1200 1757 1265 1820 Bru·

161 1870 226 1924 tus
249 1880 298 1945 ep.
321 1858 364 1921 ad
388 1857 478 1924 Brut.
504 1861 535 1940 1,
561 1859 599 1921 17
629 1879 689 1942 ego
712 1867 800 1922 certe
828 1859 907 1945 quin
935 1880 1008 1922 cum
1032 1860 1106 1947 ipsa
1126 1882 1160 1924 re
1180 1856 1266 1924 bellun

161 1982 274 2046 geram
299 1998 336 2006 -
361 1959 451 2025 nulla
473 1962 535 2025 1111
558 1970 625 2026 tarn
648 1959 734 2024 bona
755 1959 904 2025 condicio
921 1981 985 2046 qua
1008 1962 1172 2028 deterrear.
1197 1955 1265 2024 ibid:

161 2084 267 2150 neque
296 2062 381 2126 enim
411 2064 577 2144 impetrari
606 2073 716 2148 potest
737 2061 832 2148 quin,
861 2062 956 2149 quale
983 2062 1128 2150 quidque
1155 2063 1266 2129 vitatu

161 2167 202 2248 ei,
227 2162 323 2229 talem
347 2165 484 2251 quisque
507 2165 547 2228 de
569 2186 606 2228 eo
629 2165 815 2251 opinionem
835 2164 965 2229 habeat.

247 2266 355 2331 Caes.
380 2267 411 2334 b.
434 2289 466 2351 g.
492 2268 519 2348 1,
542 2267 564 2330 4
585 2287 689 2353 neque
710 2266 805 2331 abest
826 2268 961 2349 scopiac
983 2305 1025 2314 —
1048 2267 1129 2354 quin
1148 2268 1209 2355 ipse
1224 2258 1265 2326 sibi

162 2379 296 2434 mortem
312 2367 518 2434 consciverit.
556 2367 643 2450 7,44
664 2390 725 2432 neo
739 2369 804 2432 iarn
819 2369 911 2433 aliter
924 2370 1041 2434 sentire
1057 2407 1095 2417 —
1112 2368 1185 2455 quin
1197 2380 1266 2455 paene
1303 2351 1307 2360 ¹

162 2469 401 2537 circumvallati
428 2469 629 2535 viderentur.
666 2467 741 2553 Vgl.
765 2470 849 2535 oben
877 2466 931 2534 die
960 2468 1084 2536 lctzten
1106 2469 1213 2555 Belh'ge
1227 2481 1267 2528 111

163 2572 289 2638 Cicero.
326 2573 367 2656 3,
390 2573 433 2637 24
459 2573 634 2655 exspectari
662 2571 785 2636 diutius
813 2593 878 2636 non
906 2581 1056 2657 oportere
1079 2595 1111 2660 q.
1134 2571 1174 2637 ad
1193 2575 1269 2635 1111111

161 2676 273 2738 iretur.
309 2674 403 2739 Naeh
419 2675 580 2758 Analogia
596 2696 660 2739 von
676 2674 706 2756 3,
724 2670 765 2737 23
788 2695 852 2737 uon
874 2677 1086 2740 cunctandum
1108 2665 1272 2740 existimarit

161 2802 192 2862 q.
222 2799 333 2862 pugna
359 2776 551 2840 decertaret.
597 2776 674 2861 Vgl.
698 2776 781 2839 oben
808 2796 872 2840 urm
900 2797 990 2843 mora
1018 2783 1063 2842 cst
1090 2777 1142 2841 bei
1168 2776 1274 2840 Taur-

162 2878 337 2965 Elliptisch
368 2878 510 2942 scheint:
541 2878 636 2960 1,11
667 2879 837 2964 perpaucis
861 2901 903 2942 ex
933 2879 1076 2944 hostium
1098 2871 1276 2943 1111111111μ

162 2981 324 3063 sideratis,
348 2982 428 3065 quin
450 2981 560 3043 cuncti
582 2987 786 3063 caperentur.
831 2979 915 3043 Dern
938 2980 1115 3046 Verfasser
1141 2975 1281 3046 sehrebte

163 3104 235 3145 vor:
259 3104 324 3145 non
347 3081 484 3146 multum
507 3080 615 3144 abfuit
637 3082 725 3166 quin.
763 3080 794 3145 b.
817 3103 844 3150 c.
867 3082 904 3166 3,
928 3082 970 3146 94
992 3104 1098 3170 neque
1125 3104 1199 3148 vero
1215 3078 1283 3144 Gne‘

162 3205 268 3247 sarem
287 3183 399 3264 fefellit
420 3206 449 3269 q.
475 3183 517 3247 ab
540 3184 580 3247 iis
603 3185 733 3248 initium
756 3184 913 3249 victoriae
936 3184 1086 3251 oriretur.
1118 3185 1195 3249 Waa
1208 3177 1287 3247 sontt

163 3284 215 3349 bei
239 3285 360 3349 Caesar
390 3285 591 3362 vorhommt‚
621 3285 664 3348 ist
691 3285 800 3349 weder
822 3307 885 3349 neu
907 3284 992 3350 noch
1020 3287 1185 3372 auffallig:
1209 3284 1231 3348 1.
1250 3293 1287 3359 g·

165 3390 197 3469 l,
222 3387 262 3452 47
286 3387 419 3451 retineri
442 3407 505 3450 non
536 3407 630 3471 posse
653 3387 742 3473 quin.
779 3388 799 3451 5
811 3435 820 3468 ,
840 3387 883 3451 55
903 3386 1029 3452 nullum
1057 3400 1181 3476 tempus
1200 3389 1288 3452 inter·

163 3492 319 3554 miserunt
342 3512 372 3575 q.
390 3500 477 3553 trans
495 3488 643 3552 Rhenum
666 3488 790 3572 legatos
813 3489 988 3553 mitterent.
1023 3491 1054 3571 6,
1077 3492 1119 3557 39
1141 3479 1289 3555 1111111151

163 3598 228 3657 lom
250 3592 356 3673 fortis,
381 3616 411 3679 q.
429 3593 476 3655 111
493 3591 639 3656 novitate
662 3593 878 3677 perturbetur.
914 3591 957 3655 So
980 3592 1082 3657 achon
1098 3593 1151 3658 bei
1166 3593 1288 3657 Terens·

163 3695 193 3758 b.
217 3717 243 3758 c.
270 3696 297 3773 1,
322 3693 362 3759 78
385 3692 510 3757 nullum
533 3693 755 3757 intercedebat
776 3702 903 3779 tempus
927 3716 957 3779 q.
980 3694 1216 3780 proeliarentur·
1244 3676 1288 3748 79

163 3795 242 3860 nulli
266 3795 424 3861 excedere
447 3793 567 3858 licebat
588 3818 619 3878 q.
637 3797 851 3879 exciperetur.
882 3796 913 3878 3,
929 3796 981 3860 41.
998 3796 1051 3861 58.
1086 3795 1182 3862 Bell.
1197 3780 1287 3860 (tall-

162 3898 198 3980 8,
223 3899 278 3981 19,
303 3899 322 3961 8
350 3895 440 3961 nulla
466 3895 651 3961 calamitate
674 3897 779 3961 victus
809 3895 967 3961 excedere
990 3899 1114 3983 proelio
1137 3937 1173 3947 -
1194 3883 1289 3984 potuit

162 3997 292 4080 adduci,
316 4000 394 4080 quia
418 3998 633 4084 („sondern“)
657 4007 796 4082 cogeret.
819 3998 849 4082 8,
872 4000 893 4061 2
915 4021 980 4064 non
1001 4001 1169 4066 contineri.

247 4098 543 4167 Β111.Α1111.22
577 4122 681 4186 neque
714 4122 786 4163 cum
814 4123 907 4165 suum
937 4102 1110 4168 consilium
1136 4100 1230 4184 fefellit
1252 4110 1287 4172 q·

161 4202 271 4267 hostes
286 4200 366 4266 nihil
390 4203 454 4267 iarn
470 4204 510 4267 de
528 4201 611 4267 bello
628 4212 736 4266 essent
750 4203 936 4288 cogitaturi.
963 4205 1016 4270 44.
1032 4205 1086 4269 55.
1120 4205 1180 4270 hlit
1192 4191 1288 4290 posi·

162 4305 284 4369 tivem
307 4302 509 4389 Hauptsatz:
535 4306 552 4369 7
576 4307 698 4370 morari
720 4305 807 4389 quin.

246 4404 343 4470 Bell.
367 4405 449 4470 Afr.
471 4406 509 4469 61
541 4407 628 4494 quod
658 4407 798 4472 forsitan
824 4416 900 4472 ante
922 4406 956 4471 id
985 4418 1115 4496 tempus
1142 4396 1290 4474 accideret
