2948 4988
574 318 787 379 ..61-

101 468 181 534 dial.
205 469 226 534 8
248 469 407 552 imagines
431 489 470 532 ac
491 465 577 533 tituli
600 477 633 531 et
654 476 790 532 statuae.
828 467 870 532 G.
887 468 927 532 37
951 466 1081 531 Drusus
1104 488 1143 530 ac
1165 467 1253 530 Nero

101 583 135 636 et
158 570 387 636 Germanicus.
424 567 455 633 b.
478 568 510 649 4,
533 570 573 634 73
602 567 706 634 libido
734 579 831 654 atque
860 569 1001 632 avaritia
1023 578 1055 633 et
1077 569 1253 634 mutandae

99 671 192 736 sedis
219 694 321 737 amor.
365 669 571 756 Umgeliehrt
598 676 627 735 et
649 697 687 718 -·-
717 675 827 751 alque:
858 691 932 734 ann.
960 672 991 749 4,
1014 671 1055 734 26
1082 692 1192 754 regem
1222 680 1254 733 et

99 775 227 838 socium
249 784 349 860 atque
370 773 520 835 amicum.
566 772 663 835 Vier
691 770 862 835 Glieder
887 771 1123 837 verbunden
1151 772 1252 836 durch

99 897 161 957 que
184 914 222 923 —
238 880 276 939 et
300 913 336 922 -
361 895 400 939 ac
421 873 461 960 (s.
485 872 568 938 oben
591 872 681 956 Liv.)
709 894 783 936 ann.
810 874 838 954 1,
864 876 878 935 l
910 860 1033 937 Tiberii
1058 872 1199 959 Gaiique
1222 884 1255 938 et

99 978 234 1041 Claudii
257 998 296 1041 ac
319 975 470 1043 Neronis.
510 975 558 1054 14,
574 973 616 1038 26
638 973 852 1041 Pharasmani
876 973 1106 1060 Polemonique
1129 987 1161 1040 et
1177 976 1250 1039 Ari·

99 1077 232 1142 stobulo
265 1088 364 1165 atque
399 1076 571 1142 Antiocho.
617 1075 726 1140 Daftir
759 1076 812 1140 bei
847 1076 960 1140 nicht
993 1097 1075 1159 ganz
1103 1075 1252 1161 gleichen

99 1179 263 1244 Gliedern
294 1185 323 1243 ct
346 1217 384 1227 -
409 1201 467 1262 que
490 1217 527 1226 —
556 1200 610 1244 oc:
643 1200 717 1241 ann.
751 1178 801 1258 15,
830 1178 872 1241 44
904 1175 1051 1242 Vulcano
1080 1178 1253 1242 et.Cereri

99 1281 395 1369 Proserpinaeque,
417 1301 457 1344 ac
478 1281 658 1367 propitiata
674 1279 772 1361 Juno,
796 1303 846 1343 wo
870 1279 929 1343 das
952 1277 1051 1343 letzte
1067 1277 1166 1342 Glied
1188 1278 1252 1342 den

100 1383 222 1447 beiden
254 1380 541 1467 vorauigehenden
574 1382 623 1446 als
656 1383 761 1446 einem
796 1379 934 1445 Ganzen
965 1378 1249 1464 gegeniibersteht.

99 1485 133 1549 b.
156 1486 189 1567 4,
212 1484 257 1547 20
285 1483 377 1546 densi
404 1481 549 1568 undique
579 1493 611 1548 et
641 1482 781 1549 frontem
815 1492 971 1568 tergaque
999 1504 1038 1545 ac
1063 1480 1148 1545 latus
1178 1482 1250 1563 tuti,

98 1607 152 1649 wo
175 1585 230 1649 die
259 1587 341 1648 awei
370 1583 491 1648 lotzten
513 1583 588 1648 dem
617 1596 726 1649 ersten
753 1585 814 1647 mit
840 1589 870 1647 et
889 1582 1144 1667 untergeordnet
1166 1581 1250 1645 sind.

99 1686 197 1752 Eheu
221 1707 257 1749 so
281 1686 335 1749 bci
359 1706 397 1750 ac
418 1723 459 1732 -
482 1691 511 1750 et
535 1725 570 1734 —
595 1707 670 1767 que:
704 1708 779 1749 ann.
803 1686 834 1764 2,
856 1685 899 1749 50
927 1689 1112 1769 Augustum
1135 1706 1173 1747 ac
1194 1682 1250 1745 Ti-

98 1787 230 1852 berium
254 1791 288 1851 et
308 1797 445 1851 matrem
469 1789 537 1851 eius
561 1786 715 1851 illusisset
731 1787 929 1870 Caesarique
945 1807 1071 1851 conexa
1091 1785 1251 1851 adulterio

97 1898 277 1953 teneretur.
323 1886 542 1974 Desgleichen
567 1887 822 1973 untergeordnet
842 1893 926 1952 et—
945 1909 984 1952 ue
998 1925 1037 1934 -
1061 1909 1135 1969 qaia:
1162 1887 1193 1951 b.
1217 1888 1248 1968 2,

97 1991 142 2054 21
170 1988 270 2053 sudes
300 1999 333 2053 et
360 1991 534 2053 immensas
565 1988 709 2074 lapidum
736 2010 774 2053 ac
808 1987 933 2075 plumbi
960 1991 1110 2076 aerisque
1140 1988 1249 2053 moles.

100 2090 297 2155 Wiederum
321 2090 372 2155 bei
394 2089 583 2175 gleichen
606 2088 762 2154 Gliedern
785 2111 823 2155 ac
840 2112 877 2137 -·
901 2112 959 2172 que
982 2129 1021 2138 —
1042 2096 1086 2156 et:
1106 2113 1180 2154 ann.
1199 2091 1249 2172 15,

96 2193 142 2257 25
178 2192 352 2256 tetrarchis
389 2214 427 2257 ac
457 2192 591 2278 regibus
628 2192 868 2278 praefectisque
907 2201 939 2256 et
970 2191 1246 2278 procuratoribus.

98 2300 212 2357 Ac-
234 2300 263 2359 et
283 2331 325 2342 -
348 2299 393 2359 et:
420 2293 451 2357 11.
477 2296 503 2375 1,
527 2294 569 2359 10
596 2291 818 2358 Mediolanum
833 2286 879 2358 ¹ac
902 2294 1080 2358 Novariam
1105 2303 1137 2357 et
1157 2293 1246 2380 Epo·

95 2393 227 2459 redianr
249 2405 283 2459 et
305 2394 483 2460 Vercellos.
520 2394 567 2460 Et
583 2433 620 2441 —
636 2400 665 2460 et
680 2433 717 2443 -
735 2416 789 2461 ac:
811 2394 841 2458 11.
865 2395 895 2474 2,
918 2395 959 2458 82
981 2417 1058 2481 pars
1080 2399 1248 2481 copiarum

96 2507 132 2560 et
174 2495 244 2561 dux
281 2495 452 2561 Mucianus
486 2507 519 2560 et
547 2496 740 2583 Vespasiani
779 2515 897 2559 nomen
930 2517 969 2560 ac
999 2496 1080 2561 nihil
1112 2496 1249 2560 arduum

97 2598 191 2663 fatis.
216 2635 257 2646 -
291 2597 363 2664 Von
398 2596 678 2682 innfgliedrigen
711 2597 944 2683 Satzgebilden
978 2597 1038 2662 soll
1071 2620 1134 2661 nur
1166 2599 1249 2662 noch

95 2698 276 2784 angelithrt
298 2698 443 2764 werden:
467 2701 497 2764 h.
520 2700 587 2782 2,4
608 2699 733 2764 auxilia
754 2701 884 2785 utrique
907 2698 1087 2763 cohortium
1111 2698 1248 2764 alarum·

96 2823 159 2882 que
180 2805 210 2865 et
229 2800 352 2865 classes
375 2821 529 2885 regesque
551 2822 589 2865 ac
610 2822 726 2864 nomen
743 2801 866 2886 dispari
883 2799 973 2863 fama
994 2798 1133 2865 celebre.
1170 2823 1247 2866 ann.

95 2904 130 2983 2,
154 2903 198 2966 60
224 2901 402 2987 Aethiopia
429 2902 594 2983 Medisque
621 2907 651 2967 et
676 2902 785 2967 Persis
813 2907 841 2966 et
863 2902 1037 2966 Bactriano
1067 2923 1104 2967 ac
1125 2902 1250 2990 Scytha
1358 2935 1360 2940 v

96 3006 252 3092 potitum.

122 3092 128 3101 ¹
184 3105 215 3170 3.
236 3132 239 3137 ·
260 3105 343 3168 Sehr
375 3105 479 3169 selten
508 3106 639 3170 werden
668 3105 874 3189 Satzglieder
896 3128 959 3169 von
993 3106 1248 3192 ungleichem

96 3204 238 3271 Warthe
261 3205 453 3270 wiederholt
480 3207 580 3272 durch
604 3207 749 3271 dieselbe
777 3206 925 3270 Partikel
949 3207 1156 3287 verbunden,
1188 3211 1248 3272 wie
1310 3253 1315 3266 .

96 3309 182 3374 Cic.
205 3330 237 3393 p.
261 3306 349 3382 Cael.
376 3308 424 3389 19,
445 3309 488 3372 45
512 3309 594 3372 ratio
618 3318 650 3373 et
672 3309 767 3372 bonis
797 3308 923 3373 artibus
946 3311 1095 3375 instituta
1117 3321 1149 3374 et
1172 3332 1249 3374 cura

94 3420 130 3475 et
156 3408 280 3494 vigiliis
303 3404 486 3474 elaborata.
522 3410 577 3474 fin.
600 3410 631 3491 2,
654 3410 696 3475 25
723 3409 809 3495 quod
839 3420 872 3474 et
892 3411 963 3496 ipse
986 3413 1090 3475 bonus
1113 3415 1164 3476 vir
1187 3412 1250 3479 fuit

94 3523 130 3576 et
154 3509 248 3575 multi
265 3508 425 3597 Epicurei
448 3512 581 3576 fuerunt
602 3521 635 3597 et
657 3511 753 3575 hodie
775 3523 851 3575 sunt
873 3522 905 3576 et
927 3514 960 3575 in
979 3513 1122 3577 amicitia
1136 3513 1249 3580 fideles

93 3624 129 3678 et
159 3613 305 3678 inomni
334 3612 405 3677 vita
431 3622 616 3678 cousmutes
644 3622 677 3676 et
708 3633 839 3697 graves.
883 3638 913 3678 n.
945 3615 976 3677 d.
1010 3619 1035 3695 l,
1065 3618 1093 3696 l,
1123 3616 1145 3678 2
1173 3629 1248 3679 eta

94 3713 262 3803 principio
292 3715 404 3778 omnia
430 3713 518 3778 faeta
545 3725 577 3778 et
606 3716 784 3780 constituta
805 3715 880 3778 sint.
925 3716 965 3780 de
987 3737 1033 3779 or.
1060 3717 1162 3798 1,37,
1188 3718 1249 3781 170

91 3817 257 3880 Crassum
280 3826 313 3879 et
334 3813 444 3879 multis
472 3815 506 3879 in
533 3813 608 3879 aliis
630 3817 728 3880 rebus
751 3814 931 3900 elegantem
960 3816 1121 3881 hominem
1144 3828 1176 3880 et
1198 3840 1247 3881 or·

90 3929 212 3981 natum
241 3927 272 3980 et
299 3917 474 4003 praecipue
501 3917 535 3980 in
562 3917 623 3981 hoc
652 3916 851 3981 efferendum
874 3928 907 3981 et
935 3915 1134 3982 laudandum
1156 3928 1246 4003 puto,

90 4017 185 4106 quod
209 4028 265 4083 ott
309 4018 393 4083 Liv.
416 4018 469 4098 42,
492 4020 533 4082 33
562 4017 721 4082 militares
750 4019 898 4083 homines
922 4029 954 4082 et
976 4019 1140 4106 stipendia
1161 4021 1248 4082 iusta

90 4132 128 4185 et
150 4141 290 4205 corpora
311 4133 345 4184 et
365 4128 473 4183 aetate
493 4130 525 4184 et
548 4119 690 4184 assiduis
712 4118 879 4184 laboribus
902 4121 1053 4185 confecta
1074 4120 1203 4183 habere.

184 4218 296 4285 Ucber
328 4224 422 4302 atque
451 4221 483 4284 in
512 4220 643 4285 solchen
676 4220 961 4285 unterordnenden
990 4219 1247 4304 Verbindungen

93 4322 167 4407 vgl.
191 4321 277 4385 oben
304 4326 335 4403 §-
365 4323 439 4402 315,
470 4324 519 4386 11.
562 4323 656 4388 Noeh
685 4321 826 4385 seltener
854 4323 897 4386 ist
925 4321 993 4384 dies
1023 4322 1075 4385 bei
1103 4341 1162 4401 que
1188 4321 1246 4385 der

94 4421 183 4508 Fall,
207 4423 268 4487 wie
290 4421 360 4487 Cic.
384 4445 415 4487 n.
439 4420 470 4486 d.
495 4423 525 4506 2,
547 4423 598 4507 39,
622 4422 663 4488 99
691 4445 891 4509 quorumque
914 4423 1066 4508 operibus
1089 4422 1175 4505 agri,
1199 4426 1246 4486 in-
