2948 4988
609 160 936 271 -191-’

157 388 314 465 emptum,
339 378 417 462 quin
439 375 642 440 Mamertinis
672 398 729 461 pro
758 376 906 460 portione
934 377 1168 462 imperaretur,
1195 382 1273 438 anter

157 478 219 542 hoc
242 517 280 526 —
305 476 477 543 consilium
506 477 569 541 iste
598 476 698 541 dedit.
742 477 825 542 Phil.
852 479 879 559 l,
906 476 955 558 10,
984 477 1027 542 25
1056 474 1133 540 illae
1157 473 1273 539 -lats

158 590 245 662 sunt,
268 589 376 665 anteq.
400 580 541 666 scriptae
564 580 625 663 (se.
648 583 750 659 sunt).
787 580 818 661 5,
833 580 898 659 3,7
923 578 1028 665 quid?
1060 600 1126 643 non
1149 587 1226 641 ante
1239 575 1273 639 111

158 704 254 768 quarn
289 670 411 768 scripta
439 679 512 745 est?
546 679 648 766 quid?
684 702 750 745 non
781 689 857 744 ante
884 681 1008 745 facturn
1036 678 1183 744 vidimus
1210 699 1273 764 qua

160 767 305 848 futurum
330 785 500 869 quisquam
524 790 573 845 est
595 780 803 868 suspicatus?
836 805 867 868 p.
890 781 976 846 Mur.
994 782 1044 862 16,
1060 781 1103 845 34
1124 781 1273 846 11111111

161 887 256 949 unius
281 886 389 949 anima
411 884 529 970 posuit,
552 892 588 946 ut
610 919 651 928 -
674 905 739 946 non
761 891 836 946 ante
851 906 947 970 quam
970 881 1063 946 illum
1084 882 1156 947 vita
1172 879 1273 967 expuli

160 981 282 1051 bellurn
306 986 491 1051 confectum
513 985 677 1048 iudicarit.
714 985 821 1049 deor.
844 985 917 1066 2§.
942 985 1003 1049 195
1030 1006 1097 1047 111
1123 982 1216 1069 prius
1236 1005 1273 1046 11

160 1096 296 1154 conatus
330 1087 589 1153 misericordiam
623 1085 696 1150 aliis
730 1107 932 1151 commovere
960 1108 1057 1172 quam
1085 1084 1273 1149 misericord

159 1213 230 1253 sum
252 1191 323 1274 ipse
345 1197 471 1276 eaptus.
509 1188 586 1251 farn.
612 1187 661 1270 10,
684 1189 714 1267 4,
740 1190 756 1249 1,
784 1176 852 1252 nee
870 1186 973 1252 multo
999 1198 1076 1251 ante
1103 1187 1229 1252 redisse
1247 1207 1273 1249 11

160 1313 257 1377 quam
280 1312 322 1355 ex
345 1287 483 1375 epistola
504 1299 560 1352 tua
581 1289 732 1372 cognovi.
756 1288 827 1353 Art.
851 1289 880 1366 8,
906 1290 942 1353 11
960 1288 1038 1370 D,7
1063 1289 1146 1354 haec
1168 1309 1230 1354 non
1245 1308 1273 1370 og

161 1394 255 1480 prius
289 1415 362 1455 sum
394 1390 579 1475 suspicatus
612 1410 709 1473 quam
744 1389 822 1453 mihi
855 1390 962 1476 palam
996 1391 1191 1457 denuntiata
1220 1411 1272 1453 sun

161 1496 275 1559 Brut
298 1495 342 1556 ad
363 1492 440 1555 fam.
466 1492 516 1574 11,
543 1492 591 1575 13,
612 1492 633 1554 2
656 1491 802 1556 constitit
824 1513 984 1576 nusquam
1007 1516 1054 1578 pr.
1072 1514 1125 1577 qu.
1149 1491 1191 1556 ad
1213 1488 1273 1554 Vcd

109 1677 118 1682 -
165 1596 267 1659 venit.
290 1631 332 1643 -
354 1593 465 1658 Caes.
490 1593 521 1657 h.
544 1614 576 1676 g.
599 1593 628 1671 7,
650 1592 692 1657 25
714 1614 774 1656 nec
795 1594 885 1677 prius
907 1592 964 1658 ille
986 1603 1036 1659 est
1064 1595 1198 1659 relictus
1218 1591 1273 1656 locu

163 1718 260 1783 quam
284 1732 321 1742 -
352 1695 426 1759 finis
456 1704 507 1758 est
533 1692 703 1780 pugnandi
735 1694 851 1758 factus.
891 1695 931 1759 47
960 1716 1067 1782 neque
1095 1694 1192 1759 finem
1217 1693 1273 1780 priu

163 1796 319 1883 sequendi
353 1795 500 1860 fecerunt
530 1817 627 1881 quam
654 1817 745 1859 muro
778 1834 819 1843 -
848 1797 1162 1883 appropinquarunt.
1204 1793 1273 1876 1,t

87 1955 92 1963 .
164 1920 269 1984 neque
293 1897 381 1981 prius
404 1897 516 1981 fugere
539 1895 736 1960 destiterunt
763 1918 862 1983 quam
884 1935 924 1944 —
951 1906 1179 1983 pervenerunt.
1214 1893 1273 1961 Ehe

165 2022 200 2064 so
223 1996 315 2063 Sall.
340 1997 413 2062 Cat.
435 1998 488 2077 51,
511 1999 553 2062 34
575 2020 679 2083 neque
707 1999 798 2082 prius
829 2001 904 2064 finis
931 1999 1106 2084 iugulandi
1128 2000 1190 2063 luit
1210 2017 1273 2084 qut

167 2099 257 2166 Sulla
280 2120 391 2164 omnes
414 2120 492 2163 suos
516 2099 643 2163 divitiis
667 2096 824 2184 explevit.
862 2100 938 2186 Jug.
955 2102 1008 2182 35,
1024 2101 1054 2164 8.
1080 2139 1118 2148 —
1142 2099 1273 2183 Virga

166 2204 195 2281 2,
222 2202 282 2266 741
307 2222 366 2266 nee
394 2223 442 2287 pr.
471 2200 600 2286 respexi
630 2222 728 2286 quam
749 2236 789 2247 —
813 2203 971 2267 venimus.
1015 2202 1158 2267 Livius
1185 2200 1235 2266 hat
1256 2196 1273 2259 Ε

165 2302 275 2368 solehe
298 2300 421 2367 Stellen
444 2303 503 2364 mit
527 2303 727 2366 verneintem
750 2308 834 2386 1111,
863 2325 923 2366 nur
953 2304 973 2367 3
995 2304 1057 2368 mit
1073 2305 1184 2387 prius:
1214 2303 1239 2381 l,
1266 2303 1273 2359 I

166 2427 224 2469 nec
248 2403 460 2469 ostenderunt
486 2401 606 2466 bellum
633 2426 681 2490 pr.
711 2428 764 2491 qu.
794 2404 984 2473 intulerunt.
1022 2407 1051 2482 7,
1074 2405 1117 2470 34
1139 2427 1195 2470 111
1215 2400 1273 2490 pris

165 2507 206 2570 ab
229 2505 325 2571 hoste
347 2514 396 2568 est
418 2505 510 2567 visus
534 2527 630 2590 quarn
653 2504 734 2590 loeo,
751 2529 845 2593 quem
869 2506 1012 2593 petebat,
1027 2507 1273 2594 appropinquat]

166 2608 195 2685 9,
219 2607 270 2689 32,
294 2607 322 2670 8.
360 2606 399 2669 ln
422 2606 485 2669 den
509 2606 682 2691 folgenden
711 2608 799 2673 steht
823 2614 910 2693 1111,
940 2610 1091 2673 verneint
1120 2606 1218 2671 durch
1239 2624 1273 2668 ru

166 2730 263 2790 aeque
285 2711 363 2771 oder
384 2729 449 2771 111
471 2708 538 2771 und
562 2731 649 2772 zwar
671 2711 705 2773 in
727 2712 785 2774 der
807 2709 909 2794 Regel
932 2732 997 2774 von
1024 2731 1123 2791 qaam
1143 2716 1273 2793 getrenn

167 2813 203 2889 4,
227 2810 246 2872 fi
275 2831 334 2873 noe
360 2818 436 2873 ante
462 2810 536 2873 finis
565 2812 808 2875 contentionum
838 2811 899 2877 fuit
928 2833 1026 2897 quam
1050 2848 1091 2859 -
1114 2823 1273 2874 concessor

168 2913 210 2973 So
240 2910 321 2973 anch
351 2912 381 2992 2,
404 2910 456 2988 59,
479 2911 508 2973 2.
543 2912 579 2989 3,
602 2911 654 2990 21,
681 2916 707 2979 l.
740 2913 918 2996 4,17,11.
952 2915 983 2994 5,
1012 2913 1066 2994 51,
1089 2912 1120 2977 6.
1157 2908 1252 2991 8,13,

167 3012 218 3090 27,
246 3011 294 3091 14,
322 3011 369 3073 12.
408 3013 458 3090 27,
482 3013 533 3094 27,
555 3013 585 3076 4.
622 3014 675 3096 29,
697 3015 728 3095 2,
754 3014 801 3078 16.
834 3014 885 3095 30,
910 3013 960 3094 12,¹
984 3014 1014 3076 8.
1048 3012 1101 3094 33,
1126 3013 1156 3093 7,
1181 3011 1225 3075 12.
1253 3004 1273 3070 3

169 3114 199 3194 8,
225 3113 255 3176 2.
293 3112 344 3193 34,
376 3114 426 3192 12,
456 3113 487 3176 8.
523 3114 575 3191 35,
604 3114 654 3198 26,
683 3116 711 3177 9.
753 3116 805 3197 39,
839 3115 885 3196 10,
914 3115 944 3178 9.
982 3116 1035 3195 41,
1058 3114 1088 3192 2,
1114 3116 1162 3178 10.
1203 3111 1273 3192 Ung

169 3224 281 3279 trennt
302 3235 365 3276 nur
382 3214 402 3275 2
417 3212 500 3277 Mal:
524 3215 657 3296 33,1,6
679 3238 796 3298 agmen
818 3224 1016 3279 armatorum
1038 3235 1105 3278 non
1127 3225 1273 3297 antequa

170 3318 212 3381 ad
234 3314 410 3402 hospitium
433 3317 638 3401 imperatoris
660 3328 792 3380 ventum
815 3325 873 3394 est,
898 3337 1108 3402 conspexere.
1148 3318 1198 3400 44,
1218 3314 1265 3394 37,

170 3442 230 3484 nec
253 3428 447 3503 antequam
476 3418 581 3502 prima
603 3419 692 3482 frons
722 3416 799 3483 valli
828 3441 866 3482 ac
894 3419 982 3482 fossa
1010 3417 1171 3504 perducta
1190 3427 1273 3488 est,-

170 3522 314 3585 revocati
330 3527 416 3582 sunt.
449 3519 544 3583 Aueh
568 3521 625 3583 mit
648 3520 788 3584 histor.
811 3519 1007 3584 Praesens
1030 3521 1075 3584 im
1097 3520 1273 3607 Haupaam

170 3623 201 3703 6,
225 3622 276 3701 29,
299 3624 319 3685 3
342 3642 406 3684 non
428 3620 519 3706 prius
543 3643 578 3684 se
601 3621 643 3684 ab
667 3620 768 3685 effuso
796 3643 893 3685 cursu
921 3623 1042 3686 sistunt
1063 3645 1161 3709 quarn
1184 3622 1214 3685 in
1233 3634 1273 3682 oct

172 3731 285 3809 spectu
312 3722 486 3786 Praeneste
514 3720 587 3786 fuit.
634 3722 723 3786 Oder
751 3723 811 3788 mit
837 3711 1273 3810 plusquamperfect28

172 3826 202 3908 6,
227 3825 264 3888 17
288 3845 347 3887 nec
376 3824 488 3888 consul
518 3846 577 3889 nee
606 3835 734 3909 praetor
761 3832 838 3887 ante
865 3823 971 3889 fuerat
998 3847 1099 3909 quam
1126 3843 1231 3891 censor
1250 3835 1272 3880 tt

173 3927 292 3990 faetus:
335 3924 503 3989 Tacitus
528 3924 584 3988 hat
605 3949 666 3989 nur
688 3925 840 4010 folgende
863 3925 943 3988 zwei
966 3924 1106 3990 Stellen:
1139 3949 1209 3993 ann.
1223 3925 1245 4003 1,
1255 3914 1273 3980 ll

173 4048 233 4091 nee
264 4024 345 4090 fides
375 4027 488 4091 salutis
522 4036 597 4091 ante
625 4049 721 4114 quam
750 4028 922 4093 Caesarem
946 4064 987 4074 -
1015 4029 1166 4095 reducem
1192 4024 1273 4091 vidus

173 4130 269 4194 Eheu
290 4150 326 4193 11
351 4130 401 4210 12,
424 4129 454 4192 5.
492 4128 622 4215 Nepos
649 4131 697 4213 15,
719 4130 750 4213 2,
774 4131 794 4193 2
820 4150 925 4216 neque
952 4130 1046 4216 prius
1075 4153 1148 4196 eum
1170 4116 1273 4194 ascli

175 4231 265 4293 misit
293 4252 389 4316 quam
413 4269 451 4278 —
477 4231 661 4296 antecessit.
712 4229 866 4296 Dieselbe
894 4230 1129 4299 Construction
1156 4254 1202 4320 cp.
1226 4217 1273 4308 8‚i

174 4331 241 4394 und
271 4332 352 4395 zwei
381 4330 449 4396 Mal
477 4333 511 4395 in
539 4352 589 4417 ep.
613 4331 643 4415 9,
668 4334 683 4394 l
707 4354 736 4398 u.
758 4332 788 4398 2.
834 4325 933 4398 Sonst
960 4333 1019 4399 hat
1046 4334 1157 4424 Nepos
1181 4324 1273 4398 fdrlt
