2948 4988
220 405 305 469 milis
333 403 467 467 verliert
501 404 571 467 sich
600 404 652 469 dic
680 403 911 469 Construction
941 403 1002 467 seit
1031 400 1187 481 Luerea,
1206 423 1272 466 von
1306 400 1374 467 den

221 505 359 590 iibrigen
383 504 539 568 Wortern
561 503 644 568 wird
668 506 715 569 sic
738 504 953 569 beibohalten.

304 606 398 670 Nach
421 607 520 671 idem:
543 605 674 671 Plaut.
698 606 796 672 Most.
820 607 884 670 220
911 607 1049 671 eundem
1072 607 1215 670 animum
1238 615 1372 694 oportet

220 730 304 772 nuno
327 706 408 771 mihi
431 729 502 771 esse
524 743 565 753 -
588 717 687 793 atque
709 705 796 772 olim,
835 707 934 773 Cato
957 731 981 771 r.
998 730 1023 771 r.
1044 708 1095 788 48,
1122 711 1135 770 1
1161 706 1204 771 ad
1227 707 1371 772 eundem

221 809 351 874 modum
384 818 482 896 atque
518 808 712 894 oleaginum.
757 808 840 872 Ter.
872 808 989 874 Heaut.
1018 810 1047 892 2,
1077 810 1106 888 3,
1135 809 1179 873 24
1205 819 1238 874 et
1265 809 1372 874 sitast

221 911 335 976 eadem
359 920 391 974 et
413 912 539 974 animus
562 920 595 974 tc
617 931 696 994 erga
718 909 802 973 idem
831 931 868 973 ac
891 910 964 974 fuit.
1003 911 1072 976 Cic.
1097 912 1164 975 inv.
1187 911 1217 993 2,
1240 911 1291 994 23,
1318 912 1370 976 70.

221 1011 317 1077 Wird
340 1033 399 1075 aus
422 1021 569 1098 spaterer
592 1012 666 1076 Zeit
688 1012 779 1076 nicht
800 1011 892 1075 mehr
913 1011 1012 1090 citirt,
1036 1009 1121 1077 wohl
1144 1011 1224 1076 aber
1246 1013 1306 1076 mit
1329 1017 1370 1082 el.

305 1113 397 1178 Nach
419 1115 511 1178 iteam
534 1112 582 1176 Pl.
606 1113 704 1178 Stich.
729 1113 793 1177 463
816 1115 893 1177 item
916 1135 967 1177 me
989 1136 1084 1199 spero
1108 1113 1286 1197 iacturum,
1313 1136 1373 1179 au·

221 1216 350 1301 gurium
379 1237 418 1278 ac
447 1216 535 1279 facit.
580 1212 782 1279 Ausserdem
809 1238 872 1278 nur
900 1215 952 1279 bei
977 1216 1080 1279 Varro
1109 1236 1133 1279 r.
1157 1238 1183 1279 r.
1206 1216 1237 1297 2,
1262 1217 1291 1298 7,
1319 1216 1372 1281 15.

222 1317 242 1381 l.
267 1317 286 1380 l.
312 1316 361 1400 10,
384 1317 426 1380 74
448 1338 476 1402 p.
494 1316 558 1379 260
580 1314 673 1379 Mull.
718 1315 768 1379 Ist
790 1314 859 1381 also
881 1315 966 1381 wohl
989 1316 1213 1385 archaistisch.

307 1418 399 1482 Naeh
429 1419 476 1482 tta
507 1427 573 1480 erst
599 1418 633 1481 in
662 1417 724 1481 dcu
753 1418 913 1502 Digesten
940 1421 972 1502 5,
994 1420 1028 1500 3,
1052 1418 1102 1483 36.
1156 1419 1247 1484 Aba·
1274 1419 1371 1485 nieht

222 1519 328 1583 Plaut.
352 1519 449 1583 Mero.
471 1518 545 1599 532,
569 1541 618 1584 wo
642 1523 735 1601 ateste
755 1517 909 1583 bedentet
932 1519 1021 1601 „und
1044 1518 1163 1584 doeh.“

307 1619 401 1684 Naeh
427 1621 520 1685 iaetu
546 1621 637 1684 nieht
664 1641 723 1684 vor
751 1620 889 1684 Cicero
917 1631 992 1706 post
1019 1621 1087 1685 rcd.
1116 1623 1149 1685 in
1179 1644 1248 1686 sen.
1272 1623 1302 1705 8,
1327 1625 1372 1688 20

223 1724 277 1809 qui
300 1744 351 1785 me
366 1759 407 1769 -·
422 1723 516 1785 iuxta
538 1742 577 1783 ae
599 1722 626 1784 si
648 1742 737 1785 meus
760 1721 862 1785 frater
884 1727 982 1803 esset,
1005 1725 1213 1788 sustentavit.
1253 1724 1373 1790 Oeiter

223 1822 323 1887 nicht.
368 1820 462 1886 Sall.
486 1821 559 1886 Cat.
582 1822 622 1885 37
645 1821 724 1906 reip.
749 1824 842 1886 iuxta
870 1844 909 1885 ac
931 1823 996 1887 sibi
1018 1825 1229 1889 consuluisse.
1268 1826 1302 1890 J.
1326 1827 1372 1891 45

226 1926 320 1988 iuxta
341 1945 379 1987 ac
402 1923 430 1987 si
453 1923 561 1987 hostes
583 1922 744 1987 adessent.
782 1922 873 1986 Aber
894 1923 985 1989 nieht
1005 1924 1056 2007 95,
1073 1927 1103 2008 3,
1126 1948 1176 1990 wo
1199 1932 1292 2009 utque
1316 1926 1371 1992 be·

225 2027 337 2090 deutet
360 2025 449 2108 „und
472 2027 595 2089 zwar.“
620 2061 656 2070 -
682 2024 795 2090 Oefter
818 2023 872 2088 bei
895 2026 1048 2089 Livius:
1074 2030 1102 2106 1,
1118 2027 1161 2091 54
1182 2029 1371 2093 absentium

227 2130 311 2193 bona
338 2130 432 2191 iuxta
458 2139 555 2213 atque
582 2128 849 2212 interemptorum
877 2124 999 2191 divisui
1029 2129 1130 2193 fuere.
1172 2130 1203 2211 5,
1225 2130 1245 2193 6
1273 2130 1374 2195 iuxta

225 2231 331 2294 hieme
352 2237 450 2315 atque
473 2237 596 2293 aestate
619 2227 739 2293 bellum
762 2249 887 2312 gerere.
924 2228 976 2311 25,
1001 2230 1050 2311 12,
1073 2232 1101 2294 7.
1128 2231 1178 2308 31,
1200 2230 1244 2295 54
1264 2253 1373 2316 genus

225 2332 413 2413 humanum,
438 2329 525 2416 quod
549 2339 692 2395 vestrum
716 2350 833 2395 nomen
855 2331 1093 2418 imperiumque
1115 2332 1209 2396 iuxta
1229 2353 1268 2397 ae
1291 2334 1374 2400 deos

226 2431 425 2496 immortales
459 2432 612 2497 intuetur.
666 2431 739 2495 Nur
772 2432 837 2494 ein
859 2429 926 2494 Mal
960 2431 1020 2495 mit
1052 2454 1090 2497 ae
1120 2435 1166 2497 si:
1198 2433 1250 2513 22,
1272 2436 1374 2517 31,3

225 2535 319 2599 iuxta
333 2532 428 2598 effusi
443 2555 482 2597 ae
497 2534 524 2597 si
548 2533 664 2598 insulis
687 2531 847 2596 cultorum
870 2533 1041 2616 egentibus
1064 2533 1310 2619 praedarentur.
1329 2573 1373 2584 »-

226 2636 344 2723 Spater
366 2634 493 2700 scheint
515 2637 606 2700 irrata
629 2636 687 2698 mit
709 2655 747 2698 ue
768 2633 858 2698 nieht
880 2632 971 2698 mehr
994 2635 1260 2721 vorzakommcn,
1283 2661 1312 2700 a.
1332 2637 1373 2704 B.

226 2738 315 2801 nicht
339 2736 391 2800 bei
415 2737 560 2819 Tacitus,
583 2734 734 2820 obgleich
757 2756 792 2797 er
814 2734 872 2799 das
896 2734 1032 2799 Adverb
1055 2736 1104 2802 oft
1125 2738 1316 2822 gebraucht.

314 2836 405 2901 Nach
421 2839 563 2919 perinde,
582 2838 734 2919 proinde:
766 2837 826 2901 Bei
849 2837 984 2901 Plautus
1006 2859 1069 2901 nur
1092 2838 1212 2924 Amph.
1232 2838 1298 2911 583
1322 2840 1375 2906 ia·

227 2940 310 3004 ciam
332 2947 366 3002 te
388 2937 501 3019 hodie,
530 2937 667 3025 proinde
689 2960 727 3002 ac
750 2939 894 3002 meritu’s
916 2949 952 3002 ut
974 2937 1085 3003 valeas
1108 2941 1216 3005 minus
1238 2940 1375 3025 (Fleck-

228 3041 318 3106 eisen
341 3038 483 3104 schreibt
504 3044 548 3121 ut,
571 3062 638 3103 was
660 3038 796 3104 Plautus
819 3051 908 3104 sonst
930 3040 996 3123 hat,
1020 3039 1103 3104 auch
1119 3041 1207 3105 Trin.
1223 3043 1296 3126 659,
1321 3067 1375 3109 wo

227 3141 327 3207 Klotz
350 3141 434 3206 noch
456 3162 493 3206 ac
515 3140 612 3220 liest).
652 3141 726 3205 Von
749 3142 792 3206 da
812 3142 854 3206 ab
878 3141 959 3207 wird
983 3140 1037 3205 die
1054 3141 1270 3229 Verbindung
1291 3144 1375 3211 hau-

228 3245 323 3329 figer:
359 3243 455 3307 Lucr.
484 3244 514 3323 3,
540 3242 621 3306 1045
648 3241 784 3330 proinde
810 3266 847 3307 ac
872 3243 972 3309 famul
995 3242 1124 3307 infimus
1147 3253 1243 3309 esset.
1289 3246 1375 3314 cic.

202 3332 207 3340 ’
230 3345 326 3410 Rosc.
351 3366 431 3409 com.
454 3345 485 3423 5,
510 3344 549 3408 15
571 3343 706 3431 perinde
733 3366 771 3407 ac
794 3345 822 3408 si
844 3346 878 3408 in
901 3345 983 3408 hanc
1005 3344 1176 3410 formulam
1200 3348 1309 3412 omnia
1335 3388 1374 3398 -

229 3446 461 3533 comprehensa
483 3448 558 3510 sint.
597 3445 693 3510 Tusc.
709 3447 739 3528 5,
754 3446 785 3525 2,
804 3447 824 3510 6
847 3444 984 3532 proinde
1006 3467 1044 3509 ac
1067 3445 1108 3510 de
1131 3448 1298 3512 hominum
1323 3462 1378 3518 est

229 3550 298 3613 vita
320 3548 442 3611 merita.
480 3557 562 3633 part.
586 3569 631 3612 or.
655 3548 698 3612 24
719 3547 854 3634 perinde
883 3546 1035 3612 habenda
1062 3569 1159 3635 saepe
1186 3560 1263 3615 sunt
1282 3572 1324 3643 ap
1347 3554 1377 3618 si

229 3649 316 3714 offici
338 3672 403 3713 non
431 3649 564 3734 possint.
601 3649 644 3712 ad
671 3651 741 3713 Att.
764 3650 793 3728 3,
821 3651 867 3732 13,
894 3651 909 3712 1
944 3650 1079 3735 proinde
1112 3650 1238 3716 habebo
1272 3675 1311 3718 ac
1346 3655 1378 3720 si

230 3752 418 3836 scripsisses
442 3750 522 3815 nihil
545 3773 626 3814 esse.
669 3751 714 3827 16,
738 3751 767 3833 5,
790 3751 810 3815 3
832 3774 895 3816 non
920 3750 1055 3838 perinde
1078 3763 1176 3839 atque
1197 3774 1257 3838 ego
1280 3764 1376 3839 puta·

229 3875 309 3933 ram,
331 3854 475 3938 arripere
497 3853 587 3917 visus
611 3864 670 3917 est.
707 3852 830 3917 Matius
852 3874 904 3939 ap.
929 3851 998 3916 cie.
1022 3853 1098 3918 fam.
1123 3857 1172 3934 11,
1188 3854 1277 3936 28,2
1299 3876 1377 3941 pro·

229 3955 306 4020 inde
334 3977 373 4020 ac
401 3955 429 4019 ai
455 3955 520 4018 iam
549 3954 697 4019 vicerint.
722 3991 762 4000 —
785 3953 892 4018 Caes.
918 3956 949 4019 b.
973 3975 1000 4017 c.
1023 3955 1053 4035 3,
1079 3958 1094 4018 1
1118 3955 1255 4042 proinde
1276 3960 1376 4023 aesti-

230 4081 322 4122 mans
345 4057 433 4121 acsi
457 4079 534 4120 usus
557 4068 653 4121 esset.
690 4056 731 4120 60
754 4080 783 4141 p.
807 4077 844 4120 ac
867 4057 934 4119 suis
963 4057 1154 4122 satisfacere
1179 4096 1214 4105 -
1239 4056 1377 4125 vellent.

231 4160 324 4223 Eben
356 4180 391 4223 so
421 4160 454 4222 in
482 4158 539 4222 der
563 4158 745 4242 Folgeaoit:
779 4157 864 4221 Liv.
887 4158 917 4239 4,
941 4160 971 4222 7.
1007 4161 1037 4242 5,
1059 4160 1110 4224 42.
1148 4161 1176 4240 7,
1200 4161 1229 4223 3.
1267 4160 1299 4241 8,
1321 4163 1377 4227 30.

231 4264 261 4341 9,
296 4262 346 4325 25.
385 4261 436 4342 21,
469 4262 519 4326 25.
557 4262 609 4341 31,
642 4261 695 4324 32.
746 4259 833 4326 Tac.
867 4281 940 4325 ann.
973 4261 1019 4343 12,
1049 4262 1096 4324 12.
1125 4261 1177 4326 60.
1224 4260 1316 4347 Nep.
1346 4265 1376 4342 7,

231 4361 262 4444 6,
289 4365 304 4425 l
327 4385 358 4426 u.
382 4362 411 4426 4.
