2948 4988
619 304 844 369 -186-

162 474 358 562 gebraucht,
382 498 417 539 so
441 483 526 540 setzt
547 496 583 539 er
605 496 639 538 es
663 472 745 539 auch
770 494 829 538 vor
850 474 945 537 einen
967 472 1138 540 absoluten
1155 476 1303 542 Ablatis:

163 578 240 643 fam.
271 579 306 661 7,
328 578 408 661 3,6
436 579 505 662 qui,
540 577 569 640 si
597 598 648 641 me
675 574 858 654 audissent,
894 577 1044 662 quamvis
1073 577 1188 663 iniqua
1215 600 1304 666 pace,

162 679 297 744 honeste
320 693 427 743 tamen
452 679 612 742 viverent.
650 676 714 741 Ein
736 677 803 742 Mal
826 678 908 743 auch
931 699 1127 761 quamquam
1151 701 1211 745 vor
1232 681 1303 746 dem

163 782 322 867 Partioip:
348 780 401 848 lin.
424 780 445 845 5
467 785 497 863 ὅ.
520 779 561 844 68
584 779 611 842 si
634 779 744 842 omnia
766 777 839 858 illa,
862 801 946 865 quae
969 790 1045 844 sunt
1067 791 1171 859 extra,
1195 803 1303 869 quam·

163 907 260 970 quam
273 882 463 968 expetenda,
480 903 605 946 summo
621 881 705 945 bono
717 882 967 949 continerentur.
992 882 1090 946 Sonst
1104 882 1159 948 bei
1175 884 1302 948 keincm

163 983 338 1049 Klassiker
365 983 432 1048 und
461 982 533 1047 hier
560 982 644 1047 wohl
671 1006 748 1062 nur,
776 982 879 1048 demit
906 988 980 1048 serat
1002 984 1094 1048 nicht
1116 983 1304 1051 winderholt

163 1085 282 1150 werde.
322 1086 374 1151 Ob
398 1107 432 1148 er
454 1084 538 1149 auch
560 1087 616 1150 etsi
644 1084 729 1151 ohne
754 1084 853 1150 Verb.
876 1084 932 1150 fin.
954 1084 1137 1168 gebraucht
1158 1085 1232 1169 hat,
1262 1089 1303 1152 ist

164 1188 328 1266 unsicher‚
353 1188 550 1271 wenigstens
574 1188 607 1251 in
631 1188 671 1250 de
692 1187 777 1253 or.3
799 1191 830 1268 ξ.
849 1187 888 1250 14
911 1196 1009 1272 atque
1032 1187 1071 1267 ei,
1100 1189 1165 1252 etsi
1188 1211 1303 1276 nequa·
1338 1238 1348 1245 -

162 1312 259 1376 quam
288 1311 399 1376 parem
427 1298 484 1353 ctt.
532 1288 632 1369 Quasi
658 1288 716 1354 hat
744 1311 779 1352 er
806 1289 905 1353 iifter:
939 1290 980 1352 de
1006 1310 1074 1352 sen.
1098 1289 1133 1367 8,
1156 1289 1199 1354 26
1225 1312 1348 1377 quas*

163 1388 294 1477 quidem
328 1390 375 1456 sic
406 1389 502 1454 avide
534 1390 673 1476 arripui,
706 1392 800 1477 quasi
833 1389 1019 1455 diuturnam
1050 1389 1140 1454 sitim
1174 1391 1348 1478 explere

163 1494 308 1579 cupiens.
353 1495 384 1573 ξ.
409 1491 449 1556 83
473 1514 532 1555 nec
556 1514 632 1556 vero
657 1491 753 1556 velim
763 1509 775 1573 ,’
801 1515 831 1580 q.
856 1491 991 1555 decurso
1014 1494 1140 1577 spatio,
1168 1491 1210 1557 ad
1238 1516 1291 1558 car
1308 1525 1348 1571 η

163 1581 254 1658 ceres
275 1614 296 1656 a
318 1592 406 1658 calce
429 1595 584 1658 revocari.
632 1594 718 1658 Dass
743 1615 777 1658 er
803 1595 892 1658 dicse
915 1592 1135 1679 Oonjunction
1158 1593 1242 1659 auch
1265 1617 1348 1673 arg

97 1750 108 1767 ‚
164 1695 364 1782 Adjeoti'ven
387 1694 453 1759 und
471 1694 705 1760 Substantiven
727 1703 821 1773 sctzt‚
843 1696 886 1758 ist
908 1693 1066 1759 bekannt.
1104 1697 1348 1770 Ausserdem.

163 1796 219 1860 hat
242 1818 277 1860 er
298 1796 381 1862 noch
404 1802 439 1862 ut
456 1819 513 1860 vor
528 1796 744 1883 Participien:
768 1796 837 1860 inv.
852 1797 882 1879 1,
901 1796 940 1859 19
961 1798 1104 1861 narratio
1128 1809 1178 1861 est
1199 1818 1348 1878 resur,

163 1909 328 1982 gestarum
351 1908 408 1963 eut
429 1907 465 1963 ut
487 1909 651 1984 gestarum
675 1898 848 1984 expositio.
886 1898 1107 1981 Att.2‚18,3
1131 1920 1183 1964 me
1205 1909 1347 1975 tueoo

161 2011 198 2064 ut
219 1999 385 2085 oppressis
409 2001 574 2078 omnibus,
603 2023 666 2065 non
690 1999 850 2082 demisse3
878 2007 915 2063 ut
943 1998 1043 2063 tantis
1066 2000 1165 2064 rebus
1193 2001 1348 2086 gesti*

161 2123 277 2187 parum
306 2100 435 2166 fortiter
465 2100 759 2184 (einschrtnkendz
790 2123 884 2166 wcnn
912 2123 985 2164 man
1009 2101 1348 2204 ‘berticksichtigg

247 2202 358 2267 Caes.
388 2204 420 2268 b.
448 2224 480 2288 g.
510 2204 544 2280 3,
578 2204 615 2268 18
646 2201 742 2286 laeti,
775 2207 811 2267 ut
838 2202 1007 2288 explorata
1029 2202 1179 2268 'victoria
1202 2243 1237 2252 -

161 2314 271 2369 castra
292 2313 441 2390 pergunt.
487 2304 524 2383 5,
546 2304 587 2369 43
610 2303 720 2370 hostes
743 2304 885 2368 maximo
908 2303 1066 2383 clamore,
1092 2305 1187 2369 acuti
1213 2325 1348 2390 pag

162 2407 226 2470 iam
260 2415 358 2492 atque
390 2403 574 2491 explorata
592 2406 745 2486 victoria,
779 2415 886 2473 turres
916 2443 957 2453 —-
991 2427 1089 2489 agere
1119 2427 1348 2492 coeperit.l

164 2507 245 2571 bac.
271 2509 306 2588 1,
331 2508 370 2571 67
395 2509 450 2571 etsi
471 2505 579 2592 aliquo
601 2516 735 2594 accepto
757 2506 963 2571 detrimento.
999 2507 1090 2591 (Vgl.
1115 2506 1197 2572 oben
1220 2505 1348 2595 (ζιῑ,

162 2606 257 2672 Auch
280 2613 316 2673 ot
336 2630 397 2672 vor
418 2607 678 2694 adjectivischen
701 2607 937 2673 Ausdriicken:
961 2607 994 2677 b.
1017 2629 1044 2672 c.
1068 2608 1105 2688 2,
1128 2609 1167 2672 41
1191 2617 1225 2672 nt
1325 2631 1348 2700 d.

162 2710 269 2773 sessis.
313 2710 355 2772 42
378 2719 413 2773 nt
442 2709 568 2772 miseris
597 2711 628 2772 in
653 2703 760 2774 rcbus.
787 2746 825 2756 -
854 2709 952 2772 Bell.
976 2709 1090 2773 Alex.
1112 2710 1153 2772 44
1181 2731 1348 2808 ¹¹¹⁸-gui

160 2812 274 2876 tudine
305 2832 499 2892 quaeroquaero
532 2833 597 2876 nou
629 2812 710 2875 satis
744 2812 838 2874 iusta.
884 2812 920 2874 B.
951 2810 1034 2874 Afr.
1061 2812 1103 2874 53
1136 2823 1172 2876 ut
1192 2850 1275 2863 κ
1304 2831 1343 2901 fp-

162 2912 441 2978 commorantium.

246 3017 314 3078 Aue
339 3011 496 3078 Sallust
523 3014 630 3077 kenne
659 3014 709 3078 ich
733 3036 793 3077 nur
819 3013 970 3097 folgende
994 3015 1075 3078 zwei
1101 3013 1225 3077 Stellem
1268 3032 1313 3096 1115,

159 3116 372 3200 Adjectivcn:
409 3114 478 3178 Cat.
503 3115 544 3179 23
574 3116 600 3177 si
632 3138 703 3178 cum
731 3117 877 3197 qouozois
898 3100 1173 3198 egregius‘homo
1194 3138 1299 3189 noros

160 3216 298 3302 adeptus
332 3215 426 3282 foret.
470 3215 545 3298 Jug.
576 3216 618 3278 43
651 3217 718 3279 acri
752 3217 820 3280 viro
854 3226 902 3300 et,
932 3237 1129 3299 quunrpaom
1160 3216 1288 3284 advorso

161 3315 272 3403 populi
302 3317 460 3402 partium,
488 3327 596 3390 tamen
626 3327 679 3381 ett.
718 3317 809 3382 Hor.
838 3319 890 3382 od.
922 3322 953 3397 1,
977 3319 1033 3397 31,
1061 3321 1099 3383 13
1127 3319 1278 3400 quope-

162 3419 320 3483 revisens.

245 3521 304 3583 ssei
328 3520 470 3584 Livius
495 3521 567 3585 sind
591 3521 644 3585 die
668 3520 791 3586 Stellen
814 3542 850 3584 so
874 3519 1056 3604 zahlreich‚
1083 3522 1156 3586 dass
1177 3519 1218 3583 ich
1235 3519 1269 3578 sie

158 3622 241 3686 nach
277 3621 340 3683 den
373 3622 633 3707 Conjunctioncn
662 3621 783 3685 ordnen
812 3644 912 3686 muso.
951 3624 1014 3686 Am
1049 3624 1215 3707 hitufigston
1236 3619 1265 3679 ist

158 3723 210 3787 bei
234 3722 300 3786 ihm

250 3823 291 3890 Ut
312 3847 339 3887 c.
362 3824 478 3909 partic.
502 3823 568 3888 und
592 3847 680 3890 zwar
702 3826 734 3888 in
759 3825 1007 3890 verschiedener
1022 3814 1261 3907 Bedeutungund

159 3928 218 3991 mit
248 3922 501 3989 verschiedenen
534 3927 672 3990 Formen
707 3928 764 3991 der
793 3927 985 4013 Participia:
1026 3931 1061 4011 1,
1084 3928 1125 3991 54
1156 3924 1261 3989 nuntius.

160 4039 196 4092 ut
220 4048 254 4090 rc
276 4026 478 4112 imperfecta,
502 4028 587 4091 redit
610 4027 742 4092 Gabios.
787 4030 817 4106 2,
841 4029 884 4091 42
906 4029 1032 4114 itaque,
1055 4041 1091 4094 ut
1114 4029 1188 4092 bene
1204 4024 1262 4089 loo·

159 4144 226 4210 tus,
257 4130 376 4192 mansit
403 4130 437 4192 in
466 4152 504 4193 ea
531 4128 656 4194 familia
685 4128 797 4194 honos.
842 4132 876 4205 3,
900 4131 920 4193 5
944 4131 1031 4193 vires
1056 4131 1220 4210 Romanas,
1241 4130 1264 4184 nl

158 4253 219 4294 non
244 4230 437 4293 suffecturas
460 4230 501 4293 ad
526 4233 648 4308 onmia,
673 4233 819 4314 aggressi
844 4241 927 4298 sunt.
963 4231 1058 4296 Eben
1081 4255 1115 4296 so
1137 4232 1192 4295 mit
1203 4228 1266 4291 Part.

159 4331 305 4394 futuri:
331 4332 366 4410 7,
386 4332 427 4395 23
450 4353 522 4394 cum
547 4370 586 4378 -
612 4342 645 4396 ut
669 4333 833 4419 extemplo
855 4332 1014 4419 proelium
1037 4334 1170 4415 initura,
1195 4324 1268 4415 expil-

109 4499 111 4504 ,
158 4430 277 4495 cuisset
310 4433 424 4496 aciem.
482 4433 543 4512 28,
572 4434 613 4498 26
649 4442 685 4498 ut
718 4433 802 4500 ultro
842 4434 987 4499 territuri
1022 4474 1062 4482 -
1095 4442 1271 4501 concurrunt.
