2948 4988
669 320 896 385 -811-

160 471 225 553 §—
263 490 327 555 238
350 490 384 556 11
407 489 546 556 iocando
570 489 758 556 moderatio.
799 489 927 571 11115,
952 491 1000 570 12,
1024 490 1045 554 4
1067 512 1150 577 quae
1173 492 1233 556 etsi
1257 491 1353 556 nobis

162 589 373 676 optabiles
394 591 430 655 in
445 592 643 680 experiendo
658 611 722 655 non
745 591 887 674 fuerunt,
909 591 944 655 in
966 590 1104 676 legendo
1128 602 1236 656 tamen
1260 603 1355 656 erunt

163 677 381 759 iucuridee.
431 694 524 760 Brut.
554 697 585 775 ξ.
616 692 657 757 85
690 702 726 756 11
757 691 871 756 faciles
904 704 1013 757 essent
1043 693 1077 756 in
1110 715 1204 758 suum
1237 695 1354 780 cuique

171 793 394 863 tribuendo.
445 794 498 859 011.
525 797 539 857 l
569 798 600 876 ξ.
626 794 664 859 15
697 793 731 856 11
761 830 796 840 -
828 793 1067 880 tribuendoque
1099 818 1193 860 suum
1226 797 1353 882 cuique.

179 890 302 962 firnb
324 900 356 979 ἕ.
372 897 412 961 61
435 897 470 960 11
492 917 549 960 suo
573 895 688 981 cuique
712 894 895 960 tribuendo.
934 895 1028 960 Eben
1051 917 1086 960 so
1110 900 1168 962 mit
1188 898 1246 963 ab:
1269 898 1353 983 legg.

187 999 234 1082 1,
250 998 275 1065 6
297 1021 322 1065 a
345 1020 439 1062 suum
455 998 571 1082 cuique
586 996 760 1062 tribuendo
777 996 984 1084 appellatum.
1022 997 1118 1061 Tusa.
1135 1000 1165 1083 3,
1181 1000 1201 1063 9
1223 1021 1243 1062 a
1257 999 1353 1064 nimis

187 1098 368 1169 intuendo
400 1098 565 1163 fortunam
598 1096 742 1162 alterius.
795 1096 870 1163 Und
907 1120 993 1183 ganz
1027 1100 1087 1163 wie
1124 1101 1176 1164 ein
1209 1101 1354 1170 Partic.

189 1223 338 1288 praes.
362 1200 441 1267 oder
463 1201 523 1264 wie
545 1200 598 1263 ein
625 1198 864 1263 ltonzdsisches
887 1198 1064 1265 Gerondif:
1101 1224 1133 1266 1.
1156 1201 1232 1265 (1.1
1260 1207 1289 1284 ξ.
1314 1205 1347 1267 1]

191 1302 296 1392 quod
330 1305 366 1368 ia
392 1301 548 1367 redeundo
580 1301 743 1386 auspicari
777 1309 863 1366 esset
894 1301 1016 1366 solitus.
1063 1301 1156 1366 Eben
1190 1326 1226 1367 so
1256 1302 1353 1367 Bell.

193 1406 292 1471 Afr.
310 1404 353 1469 82
374 1405 407 1468 11
423 1402 653 1469 circumeundo
669 1403 847 1468 exercitum
863 1405 1107 1469 animadvertit.
1138 1405 1214 1469 Wie
1229 1404 1353 1487 Cicero,

195 1518 285 1593 sagt
306 1504 415 1571 Suet.
438 1503 509 1570 Oct.
532 1504 573 1569 98
601 1501 660 1568 sed
687 1504 722 1567 in
749 1503 918 1569 redeundo
947 1504 1130 1571 succubuit.
1155 1542 1193 1554 -
1216 1504 1353 1586 Quint.
1440 1500 1449 1510 ’

199 1606 387 1690 10,1,126
410 1604 539 1695 placere
555 1627 590 1670 se
611 1607 645 1669 in
669 1604 806 1670 dicendo
829 1627 924 1691 posse
946 1606 996 1684 iis,
1019 1609 1136 1690 quibus
1153 1617 1209 1672 ctt.
1248 1606 1356 1672 Alter·

199 1706 369 1775 snumlich
391 1709 442 1789 ist,
458 1707 542 1772 wohl
565 1705 668 1776 Gell.
690 1706 720 1784 3,
737 1708 767 1789 1,
784 1708 824 1770 12
846 1709 880 1770 11
904 1707 1124 1793 exspectando
1145 1714 1229 1774 stent.
1263 1709 1356 1773 Eben

200 1832 245 1876 so
269 1810 331 1874 mit
353 1808 540 1875 Gerundiv:
573 1809 610 1890 3,
636 1814 668 1892 1,
690 1809 712 1871 4
733 1806 855 1873 iamdiu
878 1810 912 1872 in
935 1833 971 1874 eo
994 1811 1066 1894 ipso
1089 1809 1274 1896 quaerendo
1297 1810 1354 1874 lul.

204 1913 362 1978 Ersteres
385 1910 468 1975 wird
490 1909 632 1975 namlich
656 1909 757 1974 sehon
779 1931 837 1974 aus
861 1911 958 1975 Cato
981 1911 1062 1996 orig.
1085 1913 1120 1989 4,
1144 1914 1161 1978 1
1186 1913 1290 1978 eitirt:
1323 1914 1354 1977 in

202 2011 432 2100 exspectando
454 2022 539 2076 sunt.

298 2114 445 2179 Aberia
466 2112 526 2177 mit
547 2111 620 2176 dem
644 2114 823 2179 Accusativ
850 2114 930 2180 land
952 2115 1005 2179 ioh
1028 2137 1089 2180 nur
1110 2115 1164 2179 bei
1187 2116 1268 2180 Cic.
1292 2114 1355 2200 leg.

205 2216 299 2282 Man.
329 2219 361 2298 ξ.
382 2215 425 2279 49
457 2214 617 2280 dubitatis
644 2219 723 2299 quin
750 2215 811 2280 hoc
839 2254 880 2264 -
907 2218 940 2279 in
969 2237 1068 2302 remp.
1098 2218 1355 2283 conservandam

208 2331 308 2406 atquc
341 2316 602 2403 amplificandam
635 2315 837 2382 conferatis?
882 2318 980 2382 Sonst
1008 2319 1067 2382 mit
1095 2320 1145 2383 ud.
1192 2318 1356 2383 Unsicher

211 2418 553 2498 11101111.Ρο11.2,
578 2417 709 2499 11131.
793 2422 798 2429 “

298 2521 344 2587 Ob
367 2542 395 2584 c.
419 2542 525 2585 accus.
548 2540 615 2603 ger.
640 2528 750 2584 zuerst
774 2519 827 2584 bei
843 2518 1001 2586 Cicero:
1035 2521 1129 2585 Verr.
1152 2522 1173 2585 2
1195 2526 1226 2605 §-
1251 2523 1355 2590 1801

211 2645 278 2688 rem
302 2620 509 2687 iudicandam
531 2619 701 2706 pecuniam
721 2623 872 2708 ¹accipere
895 2662 936 2670 -
959 2624 1000 2689 ob
1024 2623 1271 2690 absolvendum.

296 2722 387 2789 Inter
413 2722 501 2786 ward
531 2743 619 2787 zwar
644 2725 729 2789 oben
758 2725 858 2789 schon
884 2747 943 2790 aus
966 2725 1092 2790 Ennius
1121 2724 1188 2789 und
1220 2725 1355 2791 Plautus

211 2826 319 2907 citirt,
343 2826 422 2890 aber
443 2826 475 2889 in
498 2823 557 2887 der
578 2823 783 2891 klassisehen
807 2825 880 2890 Zeit
902 2826 988 2892 finde
1011 2828 1062 2891 ich
1086 2848 1119 2890 cs
1142 2826 1243 2907 nicht,
1267 2827 1355 2892 dann

211 2925 333 2992 wieder
366 2925 417 2992 bei
445 2925 607 3005 111121,
631 2927 687 3008 21,
711 2927 730 2991 8
762 2927 847 2991 inter
875 2927 1003 2993 labores
1031 2968 1072 2978 —-
1102 2928 1353 2993 exhauriendos.

211 3027 383 3109 Quintil.
409 3029 436 3109 1,
458 3028 653 3104 3,]211101
675 3027 861 3092 ludendum.
900 3027 1003 3092 Suet.
1028 3028 1171 3095 1111032
1193 3031 1216 3095 i.
1239 3052 1354 3096 canen·

211 3132 300 3196 dum.
345 3128 446 3193 Just.
473 3132 522 3212 11,
538 3129 603 3209 8,8
627 3130 648 3193 1.
674 3128 851 3194 bibendum
875 3130 986 3195 oculos
1010 3133 1042 3196 in
1066 3131 1192 3196 vultum
1215 3131 1354 3216 legentis

212 3230 364 3296 intendit.

297 3331 398 3396 Ante:
431 3331 484 3395 ein
510 3331 576 3395 Mal
611 3331 663 3395 bei
691 3332 801 3416 Virg.
832 3332 873 3398 G.
896 3335 931 3415 3,
955 3335 1018 3399 2011
1049 3346 1125 3398 ante
1158 3335 1354 3401 domandum

211 3435 359 3520 ingentes
386 3431 504 3497 tollunt
530 3434 665 3497 animos.
710 3434 794 3500 Liar,
816 3435 920 3518 praef.
943 3437 963 3498 6
990 3447 1066 3501 ante
1094 3437 1259 3502 conditam
1281 3461 1357 3503 con-

212 3535 395 3601 dendamve
418 3533 532 3598 urbem
554 3534 594 3618 (s.
619 3533 765 3600 daselbst
788 3534 996 3619 Weissenb.).

297 3636 392 3703 Circa
425 3634 490 3700 und
523 3657 593 3701 curu
626 3636 758 3700 werden
789 3658 850 3700 nnr
887 3659 945 3701 aus
980 3636 1216 3718 Quintilian
1250 3640 1353 3706 citirt:

211 3740 248 3817 4,
271 3737 349 3821 5,ss
382 3737 455 3823 plus
489 3738 673 3824 eloquentia
706 3740 793 3803 circa
821 3739 1016 3804 movendum
1051 3739 1139 3806 valet
1171 3741 1265 3825 (statt
1287 3742 1354 3824 ad).

215 3845 247 3924 1,
269 3841 305 3915 4,
329 3840 350 3903 3
378 3838 542 3904 scribendi
564 3840 648 3906 ratio
671 3840 844 3905 coniuncta
865 3862 938 3905 curn
968 3840 1129 3928 loquendo
1158 3858 1215 3906 est.
1260 3841 1354 3907 Doch

211 3941 294 4006 auch
319 3939 418 4005 Flor.
441 3942 478 4021 3,
503 3940 557 4021 19,
582 3943 618 4004 11
648 3943 732 4006 eirca
753 3941 1061 4027 apprehendendum
1084 3965 1157 4007 eunt
1180 3941 1354 4009 multitudo

211 4040 390 4108 contendit.

295 4143 356 4225 Ab,
379 4144 425 4221 de,
447 4163 487 4208 ex
507 4144 575 4207 und
590 4165 654 4227 pro
675 4144 784 4211 finden
807 4146 876 4210 sich
900 4147 932 4209 in
955 4144 1039 4210 allen
1062 4146 1252 4223 Zeitaltcrn,
1276 4145 1353 4211 leta·

211 4259 296 4313 teres
318 4244 399 4309 aber
421 4243 540 4329 selten3
569 4267 683 4311 ausser
705 4247 767 4311 den
790 4249 870 4312 awei
894 4246 1016 4312 Stellen
1038 4269 1097 4311 aus
1121 4247 1272 4331 Plautus,
1300 4248 1355 4312 dio

211 4349 295 4413 oben
324 4345 499 4431 angefuhrt
527 4347 618 4430 sind,
653 4346 735 4411 anch
765 4348 843 4416 uic.
872 4347 924 4414 off.
947 4349 967 4412 3
994 4352 1025 4430 §ff
1048 4349 1090 4413 25
1116 4370 1179 4431 pro
1205 4349 1355 4414 omnibus

209 4449 364 4535 gentibus
381 4450 614 4516 conservandis
630 4459 687 4515 aut
704 4450 858 4514 iuvandis
870 4449 1029 4514 maximos
1048 4449 1176 4517 labores
1191 4451 1356 4539 suscipere
