2924 4994
612 262 843 370 «114-

152 475 315 540 ferrentur
344 473 406 571 (als
436 472 553 537 Grund
583 472 694 556 derer,
723 473 777 537 die
807 472 871 537 den
898 472 1042 538 Auflauf
1068 475 1245 562 macbten).

153 577 194 642 25
216 577 303 664 quod
326 598 362 641 se
384 573 513 659 longius
535 597 555 639 a
577 575 725 662 portibus
748 577 949 641 committere
970 597 1036 639 non
1059 576 1233 643 auderent.

239 675 378 744 Endlich
408 676 488 760 geht
516 675 570 741 die
602 675 745 762 Spraohe
775 699 810 740 so
835 677 926 757 weit,
951 675 1158 742 (1111111111
1180 679 1273 766 unlop

154 780 250 845 soher
274 779 385 844 Weise
408 778 461 842 die
491 777 594 844 Verbo
617 779 741 844 1111111111
762 784 790 843 11
811 780 974 857 sentiendi,
999 777 1122 845 welche
1146 779 1207 845 das
1230 781 1273 846 Pr

154 881 249 948 dikat
277 880 334 945 des
363 878 590 945 Causalsatzes
620 879 747 962 bilden,
777 883 812 944 in
838 881 900 944 den
931 879 1185 969 Conjunctiv
1209 893 1273 949 seta

154 1007 190 1049 so
218 991 328 1047 zuerst
356 981 434 1047 Cio.
465 981 558 1046 Verr.
582 982 654 1062 31.
679 982 741 1046 134
762 991 951 1068 quaestores
976 1021 1014 1030 —
1039 1006 1115 1048 suos
1143 985 1242 1051 multi
1269 1012 1273 1046 t

155 1084 324 1171 provincia
346 1083 506 1148 decedere
528 1084 707 1167 iusserunt,
740 1083 827 1170 quod
855 1083 985 1148 illorum
1013 1084 1113 1171 culpa
1141 1109 1178 1152 se
1201 1088 1273 1153 min*

156 1185 322 1251 commode
343 1185 458 1249 audire
481 1185 721 1252 arbitrarentur
743 1195 799 1250 aut
815 1184 901 1271 quod
925 1208 1063 1270 peceare
1085 1190 1175 1273 ipsos
1200 1189 1273 1276 aliqr

156 1290 190 1352 in
216 1309 251 1352 re
278 1286 464 1352 iudicarent
491 1290 586 1369 (statt
612 1286 764 1351 audirent
793 1323 835 1335 —
863 1293 1059 1373 peccarent).
1092 1287 1144 1371 ΙΙ,
1173 1291 1189 1353 1
1215 1294 1273 1372 §.1

156 1390 244 1476 quod
266 1387 397 1453 tabulas
422 1424 458 1435 ’-
484 1387 677 1473 obsignatas
701 1386 833 1453 diceret
863 1388 884 1451 2
906 1392 935 1469 ᾖ.
959 1388 1001 1453 36
1023 1390 1112 1476 quod
1132 1429 1168 1439 -
1188 1391 1273 1457 dicar

156 1497 187 1574 §-
214 1491 274 1554 113
297 1511 370 1553 cum
393 1498 564 1555 accusatus
589 1501 684 1572 esset,
708 1489 795 1576 quod
818 1498 932 1555 contra
948 1512 1049 1577 remp.
1067 1493 1214 1558 sensisse
1236 1516 1273 1559 eu

157 1592 313 1659 dicerent.
343 1590 397 1659 fin.
422 1592 449 1672 1,
473 1593 503 1674 1,
526 1591 569 1655 24
590 1591 707 1676 legatis
729 1592 970 1676 accusantibus,
987 1594 1075 1678 quod
1091 1597 1273 1680 pecunias·

157 1696 282 1781 cepisse
311 1696 493 1778 arguerent.
539 1692 600 1757 Als
628 1695 747 1757 unecbt
774 1690 836 1778 gilt
859 1695 946 1781 jetzt
974 1693 1014 1757 de
1044 1695 1098 1760 off.
1124 1699 1157 1778 1,
1184 1698 1242 1779 13,
1269 1733 1273 1746 ‹

158 1796 256 1860 rediit
289 1793 385 1881 paulo
418 1805 507 1880 post,
540 1796 627 1881 quod
661 1815 695 1858 se
730 1793 867 1859 oblitum
908 1795 1016 1860 nescio
1055 1796 1137 1882 quid
1176 1798 1273 1864 dicer«

158 1899 324 1962 Servius
347 1919 399 1982 ap.
424 1895 551 1976 0114,
577 1896 632 1979 12,
656 1895 740 1961 311)
762 1897 1035 1976 Atheniensibus,
1066 1897 1175 1963 locum
1205 1922 1273 1986 sept

158 2009 250 2065 turae
286 2000 373 2062 intra
400 1997 514 2061 urbem
542 2006 580 2063 ut
608 1997 737 2080 darent,
772 1999 949 2084 impetrare
981 2020 1047 2063 non
1079 2001 1190 2086 potui,
1225 2025 1273 2089 qur

158 2100 313 2186 religione
336 2121 370 2164 se
393 2099 546 2185 impediri
569 2098 723 2164 dicerent.
760 2102 869 2166 Caes.
894 2100 926 2165 b.
949 2123 981 2186 g.
1005 2102 1043 2182 1,
1071 2101 1114 2190 23
1142 2126 1203 2168 seu
1225 2127 1273 2191 qu·

159 2204 275 2268 timore
302 2203 491 2288 perterritos
519 2202 683 2267 Romanos
712 2202 880 2266 discedere
907 2225 927 2267 a
955 2225 989 2266 se
1019 2204 1273 2271 existimarent

159 2305 230 2370 sive
259 2327 296 2369 eo
324 2303 411 2391 quod
439 2325 475 2366 re
507 2301 723 2369 frumentaria
754 2302 929 2369 intercludi
968 2326 1064 2391 posse
1097 2305 1273 2374 confideret

159 2407 256 2472 Eben
283 2429 319 2471 so
349 2429 400 2491 ep.
429 2407 469 2470 21
499 2406 569 2470 sive
597 2405 713 2472 timore
743 2405 908 2491 perterriti
930 2443 972 2453 -
994 2408 1066 2470 sive
1094 2409 1184 2494 quod
1219 2432 1273 2475 sur

159 2508 270 2593 fugam
297 2508 441 2591 ignorari
469 2528 564 2592 posse
593 2509 829 2572 existimarent.
877 2506 972 2572 Dach
1004 2507 1095 2572 kann
1129 2509 1164 2573 in
1200 2510 1273 2577 dias

162 2610 278 2675 beiden
307 2608 446 2690 Stellen‚
475 2610 537 2673 wie
565 2608 648 2673 auch
677 2608 861 2673 1111111111.
886 2609 1020 2690 1216,
1051 2612 1104 2674 die
1129 2610 1230 2676 Wahl
1253 2614 1273 2676 d

160 2713 276 2777 Modus
300 2714 394 2776 einen
416 2710 560 2774 anderen
584 2709 699 2775 Grund
722 2710 844 2793 haben,
868 2711 925 2775 der
949 2714 980 2791 §-
1004 2712 1083 2793 346,
1107 2713 1143 2789 4,
1169 2713 1191 2776 b
1215 2736 1273 2799 ang

160 2816 271 2879 deutet
293 2816 346 2879 ist.
365 2829 410 2861 '-
436 2813 467 2876 b.
492 2835 523 2896 g.
546 2815 583 2894 5,
612 2813 631 2875 6
655 2815 771 2898 partim
796 2812 884 2898 quod
907 2835 995 2878 mare
1019 2812 1165 2896 timeret,
1191 2817 1273 2901 parti

160 2915 246 3002 quod
270 2914 485 2998 religionibus
508 2937 579 2978 sese
602 2915 724 2978 diceret
746 2913 909 3000 impediri.
956 2916 1116 2999 Dagegen
1138 2915 1216 2982 liest
1237 2941 1273 2981 mr

157 3021 242 3105 jctzt
264 3019 293 3096 1,
317 3015 519 3101 15511111
543 3038 641 3079 11-
665 3015 785 3080 bellum
807 3026 958 3100 gesturos
982 3015 1136 3105 dicebant
1166 3018 1273 3101 (fruhe

162 3117 332 3203 dicerent).

246 3220 305 3283 Bei
328 3217 451 3283 Sallust
473 3219 565 3282 nicht
589 3218 765 3303 gesunden.
803 3219 885 3283 Liv.
915 3221 954 3297 6,
983 3220 1065 3303 2,9
1094 3224 1182 3307 quod
1212 3246 1273 3309 pro]

160 3343 286 3386 omnem
317 3319 457 3385 deletam
487 3343 506 3384 a
534 3319 640 3386 Gallis
674 3321 854 3384 Romanam
888 3323 1092 3387 iuventutem
1129 3323 1273 3388 crederer

161 3424 275 3488 Oefter
298 3423 382 3486 habe
405 3423 456 3486 ioh
480 3421 687 3507 dergleicben
711 3423 764 3486 bei
780 3422 896 3487 Livius
912 3423 1003 3487 nicht
1020 3423 1182 3490 bemerkt.
1208 3397 1273 3489 'vie

161 3523 396 3590 Schriftsteller
424 3523 590 3588 enthalten
617 3523 686 3589 sich
716 3522 823 3588 dieser
857 3525 1104 3605 Construction,
1132 3525 1187 3592 die
1215 3527 1272 3592 libe

160 3626 263 3711 haupt
290 3623 429 3690 seltener
457 3625 550 3690 wird.
593 3627 698 3692 Unter
725 3625 789 3690 den
818 3624 985 3690 ailberncn
1007 3628 1156 3691 Antoren
1185 3629 1271 3694 hats

161 3728 243 3793 noch
273 3751 323 3791 am
353 3726 536 3811 hiiufigsten
565 3727 649 3793 Val.
679 3729 796 3807 Max,
825 3728 966 3792 nemlioh
993 3727 1118 3793 4Mal:
1145 3732 1178 3813 1,
1203 3733 1273 3795 lex

160 3831 180 3894 3
203 3828 290 3914 quod
313 3828 502 3893 affirmaret.
533 3830 568 3912 6,
591 3831 628 3910 8,
656 3834 670 3893 1
695 3831 780 3916 quod
804 3828 1049 3894 contenderent.
1082 3832 1116 3911 1,
1141 3833 1176 3914 1,
1199 3833 1219 3896 6
1239 3853 1273 3895 ur

161 3933 196 4013 9,
228 3931 283 4013 10,
316 3934 328 3993 1
359 3930 444 4014 quod
473 3930 604 3999 diceret.
650 3932 766 3996 11112
794 3932 861 3997 Mal
889 3932 941 3996 bei
965 3931 1114 4018 Nepos:
1150 3934 1203 4014 15,
1231 3934 1258 4009 1,

161 4032 247 4118 quod
271 4055 306 4096 se
329 4032 454 4119 patriae
477 4033 573 4098 irasci
597 4035 688 4098 nefas
713 4056 783 4098 esse
806 4033 948 4098 duceret.
979 4034 1031 4116 20,
1046 4035 1114 4118 5,2
1135 4036 1219 4121 quod
1233 4055 1273 4096 cur

161 4132 216 4198 illo
244 4156 280 4198 se
301 4133 374 4217 lege
396 4156 493 4220 agere
516 4136 648 4201 diceret.
682 4137 853 4201 Letzteres
876 4135 959 4200 noch
983 4136 1036 4200 bei
1052 4136 1146 4222 Vop.
1164 4137 1236 4201 Tac.
1251 4132 1273 4196 1(

245 4235 303 4299 Boi
327 4237 461 4301 Justin
484 4237 586 4302 findet
609 4238 678 4301 sich
702 4261 763 4301 nur
787 4237 876 4302 cine
899 4236 1053 4301 1111111111
1078 4238 1194 4303 Stella:
1219 4234 1273 4318 1,1

159 4338 180 4401 5
209 4347 241 4403 11
268 4341 420 4420 quoniam
448 4339 620 4403 defunctus
649 4340 712 4404 sibi
741 4342 865 4406 somnio
899 4340 1066 4404 videretur
1094 4377 1134 4388 -
1163 4339 1273 4405 animur

161 4437 318 4505 minacem
342 4441 512 4507 dumtaxat
534 4441 568 4505 in
591 4441 645 4507 illo
668 4444 777 4526 fregit.
813 4443 970 4527 Dagegen
993 4441 1162 4507 erkennen
1179 4442 1233 4507 uir
1245 4436 1271 4499 di
