2948 4988
612 286 843 352 -558—

242 459 361 546 Spttter
375 459 503 524 kommt
519 457 571 523 die
587 457 820 523 Construction
834 454 909 520 sehr
924 454 1029 521 selten
1044 477 1122 520 vor:
1148 454 1293 521 Cornif.

158 562 197 625 ad
222 561 300 625 Her.
323 561 355 643 4,
381 562 419 625 18
448 570 619 646 postquam
650 561 819 644 pauciores
848 567 940 636 sunt,
969 558 1146 622 metuimus
1169 579 1210 622 ne
1237 558 1289 620 sint

159 663 352 747 superiores.
397 661 476 726 Cic.
501 661 595 724 Verr.
619 661 640 724 5
662 663 696 742 §.'
716 660 777 725 103
799 681 882 746 quae
906 659 1016 725 omnia
1038 680 1127 723 nunc
1148 657 1286 744 intelligit

160 764 224 829 sibi
248 762 328 828 nihil
351 761 520 849 prodesse,
543 772 754 849 posteaquam
777 762 876 826 certis
898 761 1016 825 litteris
1034 801 1070 810 -
1090 762 1281 827 convincitur.

161 865 244 930 Phil.
273 865 323 948 12,
342 865 406 943 l,3
429 874 526 951 atque
548 864 581 928 id
604 885 692 927 nunc
714 872 844 948 negant,
867 873 1079 949 posteaquam
1102 885 1162 928 nos
1186 900 1220 910 -
1239 864 1278 926 in·

162 967 300 1054 plicatos
330 976 455 1052 putant.
501 966 556 1030 fin.
578 967 615 1047 5,
642 965 719 1047 1,2
747 988 778 1050 p.
802 974 851 1029 est
879 965 991 1029 maior.
1036 964 1109 1029 Au.
1141 965 1273 1046 2,11,1

162 1069 258 1154 plane
281 1068 444 1153 relegatus
460 1068 537 1131 mihi
555 1067 679 1148 videor,
702 1076 916 1153 posteaquam
933 1065 1069 1148 („seit“)
1085 1067 1119 1131 in
1135 1066 1274 1132 Formiano

162 1193 244 1236 sum.
290 1171 398 1252 Virg.
423 1168 482 1233 ecl.
505 1170 545 1233 31
575 1164 746 1254 postquam
774 1190 832 1233 nos
860 1166 1041 1253 Amaryllis
1069 1167 1177 1232 habet.
1216 1166 1273 1231 liv.

161 1272 213 1354 21,
239 1272 288 1354 13,
309 1271 330 1334 4
353 1294 384 1357 p.
408 1290 468 1334 nec
491 1270 532 1333 ab
554 1269 710 1334 Romanis
732 1270 828 1335 vobis
850 1268 918 1333 ulla
940 1278 990 1333 est
1012 1290 1087 1352 spes
1112 1307 1167 1353 -,
1188 1288 1284 1354 pacem

161 1373 270 1437 affero.
307 1372 347 1435 In
370 1371 546 1436 indirecter
562 1371 669 1436 Redc:
690 1371 742 1454 21,
757 1371 846 1452 30,4
866 1393 963 1449 nunc,
984 1392 1018 1456 p.
1043 1380 1184 1436 cernant
1213 1368 1292 1434 San.

50 1476 56 1487 ’
162 1485 229 1539 nat.
254 1496 307 1559 qu.
330 1475 361 1554 3,
377 1473 429 1555 27,
445 1472 465 1536 6
481 1496 512 1559 p.
536 1473 640 1537 nimbi
662 1474 818 1556 ingruunt
840 1474 1022 1554 („wenn“).
1046 1473 1136 1538 Tac.
1159 1467 1299 1542 ann14,

60 1661 62 1665 ι
162 1576 206 1639 44
227 1599 258 1661 p.
281 1575 448 1640 habemus.
491 1573 593 1637 Plin.
617 1595 667 1657 ep.
689 1575 724 1651 5,
752 1575 790 1637 14
812 1576 898 1659 (15),
921 1575 941 1636 2
964 1598 995 1660 p.
1026 1575 1136 1638 video.
1177 1573 1240 1651 6,1,
1271 1564 1303 1627 l

25 1712 29 1721 »
164 1697 278 1762 pago
307 1679 340 1740 in
362 1677 443 1740 urbe
467 1675 549 1758 (scil.
574 1675 669 1759 sum).
714 1676 748 1757 7,
771 1676 821 1757 22,
847 1679 862 1738 1
886 1699 917 1762 p.
941 1674 1120 1761 polliceris.
1162 1695 1223 1760 pan.
1246 1661 1313 1732 13

163 1801 196 1864 p.
220 1778 362 1842 adsistit.
406 1776 446 1841 41
471 1799 504 1863 p.
527 1798 591 1840 non
614 1785 664 1841 est
686 1777 739 1840 cui
762 1776 955 1858 suadeatur,
985 1777 1042 1863 qui
1064 1775 1213 1841 suadeant
1227 1781 1317 1836 non

163 1889 248 1945 sunt.
292 1879 335 1942 49
356 1900 443 1942 nunc
471 1879 571 1942 tutior
593 1858 771 1942 -eadem
794 1878 927 1958 domus,
956 1900 988 1963 p.
1018 1899 1085 1942 non
1107 1867 1318 1942 crudelitatis

164 1979 223 2044 sed
247 1982 368 2046 amoris
393 1979 541 2044 excubiis
564 1978 762 2044 defenditur.
802 1977 1025 2043 Wiederholte
1041 1979 1221 2063 Handlung:
1237 1987 1316 2053 ep·

167 2086 195 2166 l,
219 2082 248 2161 9,
272 2082 302 2144 4'
320 2080 407 2167 quod
437 2081 548 2147 evenit
570 2079 664 2162 mihi,
693 2104 724 2167 p.
750 2079 922 2165 („wenn“)
952 2081 987 2144 in
1018 2079 1208 2146 Laurentino
1224 2081 1317 2140 ue⁰

168 2192 225 2248 aut
248 2182 320 2266 lego
343 2182 466 2269 aliquid
488 2191 546 2246 aut
568 2183 687 2246 scribo.

256 2284 286 2347 d.
321 2283 494 2365 Postquam
522 2284 583 2347 mit
611 2283 685 2347 dem
708 2284 943 2370 Imperfect,
973 2284 1070 2348 einen
1096 2285 1130 2349 in
1151 2281 1203 2347 der
1217 2277 1313 2342 ver·

168 2384 368 2471 gangenheit
388 2382 609 2449 bestehenden
621 2384 802 2449 Zustand
819 2384 1055 2468 bezeichnend,
1077 2383 1156 2450 wird
1174 2404 1222 2447 ans
1235 2378 1313 2443 der

168 2487 381 2553 archaischen
396 2485 534 2550 Periode
557 2508 619 2550 nur
641 2487 706 2550 ein
721 2484 791 2551 Mal
806 2485 913 2550 citirt:
937 2485 1065 2550 Plaut.
1089 2486 1181 2551 Most.
1196 2482 1243 2548 640
1256 2494 1309 2560 p·

167 2588 246 2655 haec
262 2588 360 2654 aedes
375 2588 421 2653 ita
433 2598 525 2653 erant
540 2598 575 2652 ut
587 2588 657 2652 drxr
670 2590 740 2672 t1b1,
756 2586 943 2653 continuost
952 2585 1033 2652 alias
1045 2586 1137 2651 aedis
1148 2587 1309 2651 mercatu⁸

167 2690 240 2755 sibi.
287 2690 382 2753 Dann
400 2692 517 2753 nimmt
534 2688 623 2753 dicse
642 2689 874 2754 construction
892 2688 1014 2754 anund
1031 2672 1308 2767 erreichtbeilai‘

169 2794 241 2857 vius
258 2792 352 2854 ihren
368 2790 580 2878 thepunkt,
603 2791 682 2855 aber
702 2792 785 2855 auch
801 2790 936 2854 Tacitus
952 2789 1008 2855 hat
1026 2791 1075 2856 sie
1090 2791 1171 2855 nocb
1186 2783 1304 2863 hartg-

255 2893 331 2956 Cic.
360 2915 391 2977 p.
416 2891 549 2973 Quinct.
573 2893 628 2970 22,
653 2893 694 2956 70
721 2901 757 2957 tu
779 2916 811 2979 p.
835 2892 890 2979 qui
917 2892 977 2958 tibi
1006 2903 1100 2959 erant
1128 2892 1214 2957 amici
1230 2894 1305 2951 nu¹1

168 3003 318 3082 poterant
338 2995 477 3076 vincere,
501 3005 537 3057 ut
558 2993 655 3057 amici
677 2995 738 3058 tibi
755 3004 865 3058 essent
879 2997 933 3081 qui
951 2995 1139 3078 vincebant,
1163 2979 1304 3060 effecisti·

171 3100 266 3161 Rosc.
296 3117 377 3160 com.
409 3097 465 3176 11,
494 3096 535 3159 30
563 3106 773 3181 posteaquam
803 3119 820 3160 e
848 3118 967 3162 scaena
993 3134 1036 3145 —
1067 3097 1306 3183 explodebatur,

170 3201 255 3263 sicut
276 3199 309 3262 in
333 3218 423 3260 aram
445 3199 594 3281 confugit
615 3197 649 3259 in
665 3196 760 3261 huius
777 3199 918 3264 domum.
956 3200 1035 3264 fam.
1053 3201 1082 3281 7,
1098 3202 1160 3282 5,1
1183 3202 1305 3283 postea·

171 3322 269 3388 quarn
294 3337 329 3346 —
355 3308 424 3362 crat
447 3337 485 3346 -
509 3309 542 3364 et
564 3299 748 3364 videbatur.
785 3284 1305 3387 Au.3,19,1p.0mnisacti⁰
1355 3322 1357 3327 ·

171 3404 266 3468 huius
294 3401 371 3465 anni
403 3401 552 3466 confecta
579 3401 673 3465 nobis
703 3401 893 3480 videbatur,
928 3402 963 3465 in
992 3404 1107 3467 Asiam
1139 3404 1185 3466 ire
1207 3381 1302 3461 noluL

172 3505 287 3568 Oefter
309 3502 408 3566 nicht.
454 3502 513 3567 Bei
540 3501 687 3567 Cacsar
715 3526 777 3567 nur
804 3504 825 3567 2
848 3501 930 3567 Mal:
960 3504 991 3568 b.
1015 3525 1047 3588 g.
1073 3504 1107 3583 7,
1137 3503 1174 3569 87
1199 3505 1301 3588 pp⁰⁶

73 3638 74 3641 κ
174 3614 292 3669 terant.
333 3603 364 3667 b.
381 3626 406 3666 ο.
423 3605 453 3682 3,
471 3604 513 3667 eo
535 3627 566 3690 p.
590 3604 740 3670 dabatur.
777 3603 877 3669 ueri.
899 3603 982 3669 Afr.
1006 3606 1035 3670 5.
1061 3607 1110 3671 rs.
1134 3605 1182 3673 19.
1209 3581 1298 3666 all·

173 3709 245 3772 cat.
274 3707 293 3770 6
322 3729 353 3792 p.
375 3705 559 3772 videbatur.
604 3705 645 3770 ss
668 3729 698 3791 p.
723 3706 933 3770 adventabat.
979 3706 1058 3792 Jug.
1089 3708 1129 3772 13
1155 3731 1185 3794 p.
1204 3687 1295 3768 anni³

174 3807 347 3873 Numidiae
370 3807 563 3893 potiebatur.
609 3808 650 3872 28
674 3831 702 3893 p.
726 3808 962 3873 adventabant.
1006 3808 1168 3875 Dasselbe
1188 3828 1228 3893 cp.
1243 3786 1291 3864 35·

173 3912 214 3975 53
243 3933 276 3996 p.
305 3908 393 3972 baud
421 3908 534 3993 procul
562 3918 665 3974 erant.
708 3910 749 3974 58
778 3933 809 3995 p.
838 3931 905 3975 nox
931 3911 1045 3975 aderat
1066 3949 1109 3960 —
1130 3906 1287 3976 revortitur·

176 4012 216 4075 70
239 4034 269 4095 p.
294 4009 501 4096 impediebat.
545 4010 641 4093 frgm.
664 4011 695 4094 3,
717 4012 760 4075 39
782 4012 871 4096 (Kr.)
895 4035 926 4096 p.
949 4034 1045 4077 orans
1067 4012 1150 4078 nihil
1170 4003 1286 4100 proficio·

175 4113 232 4177 bat
260 4151 301 4159 -
330 4113 513 4197 impeditur.
545 4150 585 4160 -·
615 4112 724 4196 Virg.
756 4110 815 4178 ecl.
842 4115 874 4195 1,
897 4113 938 4178 28
965 4136 998 4200 p.
1028 4114 1176 4180 cadebat.
1212 4103 1285 4176 Sontl

175 4237 236 4278 nur
258 4213 342 4279 noch
366 4216 417 4277 ein
433 4212 500 4278 Mal
522 4215 582 4278 mit
597 4213 722 4299 Ellipse
745 4236 809 4280 von
832 4220 915 4280 erut:
937 4217 1021 4280 Aen.
1047 4220 1073 4294 1,
1091 4218 1152 4282 723
1166 4239 1197 4304 p.
1210 4211 1286 4301 prim!

176 4318 267 4402 quies
291 4316 395 4402 epulis
419 4337 613 4402 mensaeque
635 4325 789 4383 remotae.
834 4316 932 4382 Ovid.
955 4329 1030 4383 met.
1057 4322 1092 4402 l,
1117 4320 1178 4385 113
1198 4340 1225 4405 p.
1244 4307 1287 4378 sul

176 4417 257 4482 Iove
280 4416 418 4482 mundus
442 4425 520 4486 erat.
