<?xml version="1.0" encoding="UTF-8"?>
<!DOCTYPE html PUBLIC "-//W3C//DTD XHTML 1.0 Transitional//EN"
    "http://www.w3.org/TR/xhtml1/DTD/xhtml1-transitional.dtd">
<html xmlns="http://www.w3.org/1999/xhtml" xml:lang="en" lang="en">
 <head>
  <title>
</title>
<meta http-equiv="Content-Type" content="text/html;charset=utf-8" />
  <meta name='ocr-system' content='tesseract 3.04.00' />
  <meta name='ocr-capabilities' content='ocr_page ocr_carea ocr_par ocr_line ocrx_word'/>
</head>
<body>
  <div class='ocr_page' id='page_1' title='image "./historischesynt01draegoog/historischesynt01draegoog_0119.png"; bbox 0 0 2948 4988; ppageno 0'>
   <div class='ocr_carea' id='block_1_1' title="bbox 612 302 866 368">
    <p class='ocr_par' dir='ltr' id='par_1_1' title="bbox 612 302 866 368">
     <span class='ocr_line' id='line_1_1' title="bbox 612 302 866 368; baseline 0 0"><span class='ocrx_word' id='word_1_1' title='bbox 612 302 866 368; x_wconf 89' lang='grc' dir='ltr'><strong>-104-Ι</strong></span> 
     </span>
    </p>
   </div>
   <div class='ocr_carea' id='block_1_2' title="bbox 162 450 1310 643">
    <p class='ocr_par' dir='ltr' id='par_1_2' title="bbox 162 450 1310 643">
     <span class='ocr_line' id='line_1_2' title="bbox 162 450 1310 545; baseline -0.007 -21"><span class='ocrx_word' id='word_1_2' title='bbox 162 461 281 545; x_wconf 90' lang='grc'><strong>881811.</strong></span> <span class='ocrx_word' id='word_1_3' title='bbox 312 456 540 524; x_wconf 86' lang='lat' dir='ltr'><strong>Zweifelhaft:</strong></span> <span class='ocrx_word' id='word_1_4' title='bbox 565 456 619 521; x_wconf 85' lang='lat' dir='ltr'><strong>off.</strong></span> <span class='ocrx_word' id='word_1_5' title='bbox 634 457 666 537; x_wconf 86' lang='lat'><strong>3,</strong></span> <span class='ocrx_word' id='word_1_6' title='bbox 689 455 741 536; x_wconf 91' lang='grc'><strong>29,</strong></span> <span class='ocrx_word' id='word_1_7' title='bbox 766 456 827 520; x_wconf 82' lang='grc'><strong>105</strong></span> <span class='ocrx_word' id='word_1_8' title='bbox 849 459 911 538; x_wconf 81' lang='lat' dir='ltr'><strong>(wo</strong></span> <span class='ocrx_word' id='word_1_9' title='bbox 933 453 993 519; x_wconf 89' lang='grc'><strong>(188</strong></span> <span class='ocrx_word' id='word_1_10' title='bbox 1015 453 1131 519; x_wconf 76' lang='grc'><strong>888118</strong></span> <span class='ocrx_word' id='word_1_11' title='bbox 1145 450 1310 518; x_wconf 82' lang='lat' dir='ltr'><strong>nenwohl</strong></span> 
     </span>
     <span class='ocr_line' id='line_1_3' title="bbox 162 556 1040 643; baseline -0.005 -19"><span class='ocrx_word' id='word_1_12' title='bbox 162 559 282 624; x_wconf 90' lang='lat' dir='ltr'><strong>unecht</strong></span> <span class='ocrx_word' id='word_1_13' title='bbox 304 561 373 643; x_wconf 89' lang='grc'><strong>181).</strong></span> <span class='ocrx_word' id='word_1_14' title='bbox 418 560 528 624; x_wconf 82' lang='lat' dir='ltr'><strong>Caes.</strong></span> <span class='ocrx_word' id='word_1_15' title='bbox 552 558 584 623; x_wconf 95' lang='lat' dir='ltr'><strong>b.</strong></span> <span class='ocrx_word' id='word_1_16' title='bbox 606 580 639 642; x_wconf 86' lang='lat' dir='ltr'><strong>g.</strong></span> <span class='ocrx_word' id='word_1_17' title='bbox 665 561 694 638; x_wconf 94' lang='lat' dir='ltr'><strong>l,</strong></span> <span class='ocrx_word' id='word_1_18' title='bbox 719 557 769 621; x_wconf 89' lang='grc'><strong>16.</strong></span> <span class='ocrx_word' id='word_1_19' title='bbox 799 556 829 636; x_wconf 93' lang='grc'><strong>2,</strong></span> <span class='ocrx_word' id='word_1_20' title='bbox 855 557 905 621; x_wconf 79' lang='grc'><strong>17.</strong></span> <span class='ocrx_word' id='word_1_21' title='bbox 934 556 964 635; x_wconf 81' lang='grc'><strong>5,</strong></span> <span class='ocrx_word' id='word_1_22' title='bbox 987 556 1040 621; x_wconf 94' lang='grc'><strong>43.</strong></span> 
     </span>
    </p>
   </div>
   <div class='ocr_carea' id='block_1_3' title="bbox 159 690 1310 1181">
    <p class='ocr_par' dir='ltr' id='par_1_3' title="bbox 159 690 1310 1181">
     <span class='ocr_line' id='line_1_4' title="bbox 243 690 1308 778; baseline -0.005 -19"><span class='ocrx_word' id='word_1_23' title='bbox 243 696 326 760; x_wconf 88' lang='lat' dir='ltr'><strong>Liv.</strong></span> <span class='ocrx_word' id='word_1_24' title='bbox 349 698 380 777; x_wconf 84' lang='lat'><strong>4,</strong></span> <span class='ocrx_word' id='word_1_25' title='bbox 402 695 432 774; x_wconf 88' lang='lat'><strong>3,</strong></span> <span class='ocrx_word' id='word_1_26' title='bbox 451 694 490 757; x_wconf 91' lang='grc'><strong>10</strong></span> <span class='ocrx_word' id='word_1_27' title='bbox 505 693 644 757; x_wconf 83' lang='lat' dir='ltr'><strong>Numam</strong></span> <span class='ocrx_word' id='word_1_28' title='bbox 671 691 878 778; x_wconf 88' lang='lat' dir='ltr'>Pompilium,</span> <span class='ocrx_word' id='word_1_29' title='bbox 901 714 966 756; x_wconf 91' lang='lat' dir='ltr'><strong>non</strong></span> <span class='ocrx_word' id='word_1_30' title='bbox 982 690 1308 776; x_wconf 78' lang='grc'><strong>(8.8888818181888,</strong></span> 
     </span>
     <span class='ocr_line' id='line_1_5' title="bbox 160 790 1308 881; baseline -0.004 -21"><span class='ocrx_word' id='word_1_31' title='bbox 160 795 218 860; x_wconf 86' lang='lat' dir='ltr'><strong>sed</strong></span> <span class='ocrx_word' id='word_1_32' title='bbox 245 818 287 860; x_wconf 91' lang='lat' dir='ltr'><strong>ne</strong></span> <span class='ocrx_word' id='word_1_33' title='bbox 316 797 422 860; x_wconf 91' lang='lat' dir='ltr'><strong>civem</strong></span> <span class='ocrx_word' id='word_1_34' title='bbox 450 794 581 881; x_wconf 87' lang='lat' dir='ltr'><strong>quidem</strong></span> <span class='ocrx_word' id='word_1_35' title='bbox 609 794 801 858; x_wconf 89' lang='lat' dir='ltr'><strong>Romanurn.</strong></span> <span class='ocrx_word' id='word_1_36' title='bbox 847 790 964 858; x_wconf 85' lang='lat' dir='ltr'><strong>Gleich</strong></span> <span class='ocrx_word' id='word_1_37' title='bbox 992 792 1113 855; x_wconf 85' lang='lat' dir='ltr'><strong>darauf</strong></span> <span class='ocrx_word' id='word_1_38' title='bbox 1135 793 1171 857; x_wconf 95' lang='lat' dir='ltr'><strong>in</strong></span> <span class='ocrx_word' id='word_1_39' title='bbox 1199 797 1230 874; x_wconf 63' lang='grc' dir='ltr'><strong>ἓ.</strong></span> <span class='ocrx_word' id='word_1_40' title='bbox 1255 795 1308 856; x_wconf 90' lang='lat'><strong>11:</strong></span> 
     </span>
     <span class='ocr_line' id='line_1_6' title="bbox 159 893 1308 982; baseline -0.004 -20"><span class='ocrx_word' id='word_1_41' title='bbox 159 899 197 962; x_wconf 88' lang='lat' dir='ltr'><strong>L.</strong></span> <span class='ocrx_word' id='word_1_42' title='bbox 221 897 339 961; x_wconf 90' lang='lat' dir='ltr'><strong>deinde</strong></span> <span class='ocrx_word' id='word_1_43' title='bbox 362 897 579 982; x_wconf 86' lang='lat' dir='ltr'><strong>Tarquinium</strong></span> <span class='ocrx_word' id='word_1_44' title='bbox 607 918 673 959; x_wconf 92' lang='grc'><strong>888</strong></span> <span class='ocrx_word' id='word_1_45' title='bbox 702 895 867 959; x_wconf 84' lang='lat' dir='ltr'><strong>Romanae</strong></span> <span class='ocrx_word' id='word_1_46' title='bbox 895 895 1002 976; x_wconf 80' lang='grc'><strong>(88(18,</strong></span> <span class='ocrx_word' id='word_1_47' title='bbox 1026 895 1083 958; x_wconf 88' lang='lat' dir='ltr'><strong>sed</strong></span> <span class='ocrx_word' id='word_1_48' title='bbox 1105 914 1148 958; x_wconf 88' lang='lat' dir='ltr'><strong>ne</strong></span> <span class='ocrx_word' id='word_1_49' title='bbox 1171 893 1308 959; x_wconf 78' lang='lat' dir='ltr'><strong>Italicae</strong></span> 
     </span>
     <span class='ocr_line' id='line_1_7' title="bbox 160 994 1310 1093; baseline -0.003 -30"><span class='ocrx_word' id='word_1_50' title='bbox 160 998 292 1085; x_wconf 89' lang='lat' dir='ltr'><strong>quidem</strong></span> <span class='ocrx_word' id='word_1_51' title='bbox 315 998 433 1081; x_wconf 80' lang='lat' dir='ltr'><strong>gentis.</strong></span> <span class='ocrx_word' id='word_1_52' title='bbox 463 997 547 1082; x_wconf 89' lang='lat' dir='ltr'><strong>(Der</strong></span> <span class='ocrx_word' id='word_1_53' title='bbox 569 996 744 1060; x_wconf 86' lang='lat' dir='ltr'><strong>Verfasser</strong></span> <span class='ocrx_word' id='word_1_54' title='bbox 766 995 822 1059; x_wconf 91' lang='lat' dir='ltr'><strong>hat</strong></span> <span class='ocrx_word' id='word_1_55' title='bbox 844 997 878 1059; x_wconf 93' lang='lat' dir='ltr'><strong>in</strong></span> <span class='ocrx_word' id='word_1_56' title='bbox 901 995 961 1059; x_wconf 87' lang='lat' dir='ltr'><strong>der</strong></span> <span class='ocrx_word' id='word_1_57' title='bbox 983 996 1081 1061; x_wconf 84' lang='lat' dir='ltr'><strong>Form</strong></span> <span class='ocrx_word' id='word_1_58' title='bbox 1104 994 1310 1093; x_wconf 73' lang='lat' dir='ltr'><strong>abwechseln</strong></span> 
     </span>
     <span class='ocr_line' id='line_1_8' title="bbox 160 1095 1309 1181; baseline -0.003 -16"><span class='ocrx_word' id='word_1_59' title='bbox 160 1098 296 1180; x_wconf 78' lang='lat' dir='ltr'><strong>wolleu3</strong></span> <span class='ocrx_word' id='word_1_60' title='bbox 331 1097 517 1163; x_wconf 75' lang='lat' dir='ltr'><strong>kunstliche</strong></span> <span class='ocrx_word' id='word_1_61' title='bbox 547 1095 797 1181; x_wconf 74' lang='lat' dir='ltr'><strong>Erkltirungen,</strong></span> <span class='ocrx_word' id='word_1_62' title='bbox 830 1099 892 1160; x_wconf 88' lang='lat' dir='ltr'><strong>wie</strong></span> <span class='ocrx_word' id='word_1_63' title='bbox 925 1098 978 1162; x_wconf 91' lang='lat' dir='ltr'><strong>die</strong></span> <span class='ocrx_word' id='word_1_64' title='bbox 1013 1120 1077 1162; x_wconf 86' lang='lat' dir='ltr'><strong>von</strong></span> <span class='ocrx_word' id='word_1_65' title='bbox 1112 1097 1309 1173; x_wconf 68' lang='lat' dir='ltr'><strong>Weissenb„</strong></span> 
     </span>
    </p>
   </div>
   <div class='ocr_carea' id='block_1_4' title="bbox 34 1199 1307 1285">
    <p class='ocr_par' dir='ltr' id='par_1_4' title="bbox 34 1199 1307 1285">
     <span class='ocr_line' id='line_1_9' title="bbox 34 1199 1307 1285; baseline -0.002 -20"><span class='ocrx_word' id='word_1_66' title='bbox 34 1220 37 1224; x_wconf 84' lang='grc'>’</span> <span class='ocrx_word' id='word_1_67' title='bbox 159 1200 268 1265; x_wconf 81' lang='lat' dir='ltr'><strong>helsen</strong></span> <span class='ocrx_word' id='word_1_68' title='bbox 302 1223 342 1284; x_wconf 88' lang='grc'><strong>88</strong></span> <span class='ocrx_word' id='word_1_69' title='bbox 376 1200 507 1280; x_wconf 87' lang='lat' dir='ltr'><strong>nichts).</strong></span> <span class='ocrx_word' id='word_1_70' title='bbox 553 1200 606 1280; x_wconf 81' lang='lat'><strong>35,</strong></span> <span class='ocrx_word' id='word_1_71' title='bbox 629 1199 671 1262; x_wconf 95' lang='grc'><strong>46</strong></span> <span class='ocrx_word' id='word_1_72' title='bbox 692 1220 757 1263; x_wconf 90' lang='grc'><strong>888</strong></span> <span class='ocrx_word' id='word_1_73' title='bbox 791 1220 834 1261; x_wconf 92' lang='lat' dir='ltr'><strong>m.</strong></span> <span class='ocrx_word' id='word_1_74' title='bbox 861 1220 928 1262; x_wconf 92' lang='lat' dir='ltr'><strong>non</strong></span> <span class='ocrx_word' id='word_1_75' title='bbox 955 1200 1100 1285; x_wconf 86' lang='lat' dir='ltr'><strong>recipere</strong></span> <span class='ocrx_word' id='word_1_76' title='bbox 1127 1199 1307 1279; x_wconf 84' lang='lat' dir='ltr'><strong>moenibus,</strong></span> 
     </span>
    </p>
   </div>
   <div class='ocr_carea' id='block_1_5' title="bbox 160 1297 1309 1490">
    <p class='ocr_par' dir='ltr' id='par_1_5' title="bbox 160 1297 1309 1490">
     <span class='ocr_line' id='line_1_10' title="bbox 160 1297 1309 1386; baseline -0.002 -19"><span class='ocrx_word' id='word_1_77' title='bbox 160 1302 218 1367; x_wconf 85' lang='lat' dir='ltr'><strong>sed</strong></span> <span class='ocrx_word' id='word_1_78' title='bbox 246 1324 287 1366; x_wconf 89' lang='grc'><strong>88</strong></span> <span class='ocrx_word' id='word_1_79' title='bbox 314 1301 504 1367; x_wconf 87' lang='lat' dir='ltr'><strong>societatem</strong></span> <span class='ocrx_word' id='word_1_80' title='bbox 533 1299 665 1386; x_wconf 91' lang='lat' dir='ltr'><strong>quidem</strong></span> <span class='ocrx_word' id='word_1_81' title='bbox 693 1297 793 1363; x_wconf 91' lang='lat' dir='ltr'><strong>ullam</strong></span> <span class='ocrx_word' id='word_1_82' title='bbox 827 1301 960 1384; x_wconf 87' lang='lat' dir='ltr'><strong>pacisci.</strong></span> <span class='ocrx_word' id='word_1_83' title='bbox 991 1338 1028 1348; x_wconf 89' lang='lat'>—</span> <span class='ocrx_word' id='word_1_84' title='bbox 1058 1299 1154 1367; x_wconf 86' lang='lat' dir='ltr'><strong>Ebeu</strong></span> <span class='ocrx_word' id='word_1_85' title='bbox 1187 1323 1224 1366; x_wconf 90' lang='grc'><strong>88</strong></span> <span class='ocrx_word' id='word_1_86' title='bbox 1257 1300 1309 1367; x_wconf 90' lang='lat' dir='ltr'><strong>bei</strong></span> 
     </span>
     <span class='ocr_line' id='line_1_11' title="bbox 161 1403 331 1490; baseline -0.018 -21"><span class='ocrx_word' id='word_1_87' title='bbox 161 1403 331 1490; x_wconf 70' lang='lat' dir='ltr'><strong>Spateren.</strong></span> 
     </span>
    </p>
   </div>
   <div class='ocr_carea' id='block_1_6' title="bbox 106 1518 1327 3842">
    <p class='ocr_par' dir='ltr' id='par_1_6' title="bbox 106 1518 1327 3833">
     <span class='ocr_line' id='line_1_12' title="bbox 245 1518 1309 1607; baseline 0.002 -23"><span class='ocrx_word' id='word_1_88' title='bbox 245 1525 276 1605; x_wconf 81' lang='grc' dir='ltr'><strong>β.</strong></span> <span class='ocrx_word' id='word_1_89' title='bbox 315 1521 368 1584; x_wconf 90' lang='lat' dir='ltr'><strong>Im</strong></span> <span class='ocrx_word' id='word_1_90' title='bbox 391 1531 525 1585; x_wconf 84' lang='lat' dir='ltr'><strong>ersten</strong></span> <span class='ocrx_word' id='word_1_91' title='bbox 548 1518 692 1585; x_wconf 84' lang='lat' dir='ltr'><strong>Glicde</strong></span> <span class='ocrx_word' id='word_1_92' title='bbox 720 1519 828 1584; x_wconf 84' lang='lat' dir='ltr'><strong>fehlt</strong></span> <span class='ocrx_word' id='word_1_93' title='bbox 854 1520 919 1584; x_wconf 90' lang='lat' dir='ltr'><strong>die</strong></span> <span class='ocrx_word' id='word_1_94' title='bbox 941 1522 1085 1586; x_wconf 80' lang='lat' dir='ltr'><strong>aweite</strong></span> <span class='ocrx_word' id='word_1_95' title='bbox 1107 1520 1309 1607; x_wconf 84' lang='lat' dir='ltr'><strong>Negation</strong></span> 
     </span>
     <span class='ocr_line' id='line_1_13' title="bbox 165 1619 1308 1706; baseline -0.002 -17"><span class='ocrx_word' id='word_1_96' title='bbox 165 1627 198 1689; x_wconf 91' lang='lat' dir='ltr'><strong>in</strong></span> <span class='ocrx_word' id='word_1_97' title='bbox 222 1624 281 1687; x_wconf 93' lang='lat' dir='ltr'><strong>der</strong></span> <span class='ocrx_word' id='word_1_98' title='bbox 303 1621 406 1706; x_wconf 83' lang='lat' dir='ltr'><strong>Regel</strong></span> <span class='ocrx_word' id='word_1_99' title='bbox 428 1622 532 1702; x_wconf 88' lang='lat' dir='ltr'><strong>daun,</strong></span> <span class='ocrx_word' id='word_1_100' title='bbox 562 1642 656 1685; x_wconf 87' lang='lat' dir='ltr'><strong>wenn</strong></span> <span class='ocrx_word' id='word_1_101' title='bbox 686 1619 746 1685; x_wconf 90' lang='lat' dir='ltr'><strong>das</strong></span> <span class='ocrx_word' id='word_1_102' title='bbox 768 1622 930 1687; x_wconf 80' lang='lat' dir='ltr'><strong>Prodikat</strong></span> <span class='ocrx_word' id='word_1_103' title='bbox 957 1644 1008 1686; x_wconf 87' lang='lat' dir='ltr'><strong>am</strong></span> <span class='ocrx_word' id='word_1_104' title='bbox 1032 1620 1167 1688; x_wconf 82' lang='lat' dir='ltr'><strong>Schluss</strong></span> <span class='ocrx_word' id='word_1_105' title='bbox 1191 1622 1308 1688; x_wconf 77' lang='lat' dir='ltr'><strong>beiden</strong></span> 
     </span>
     <span class='ocr_line' id='line_1_14' title="bbox 162 1723 1309 1809; baseline -0.001 -19"><span class='ocrx_word' id='word_1_106' title='bbox 162 1724 321 1790; x_wconf 83' lang='lat' dir='ltr'><strong>Gliedern</strong></span> <span class='ocrx_word' id='word_1_107' title='bbox 354 1725 554 1808; x_wconf 84' lang='lat' dir='ltr'><strong>gemeinsam</strong></span> <span class='ocrx_word' id='word_1_108' title='bbox 588 1725 647 1803; x_wconf 90' lang='grc'><strong>181,</strong></span> <span class='ocrx_word' id='word_1_109' title='bbox 680 1723 749 1787; x_wconf 90' lang='grc'><strong>8188</strong></span> <span class='ocrx_word' id='word_1_110' title='bbox 783 1723 837 1788; x_wconf 88' lang='grc'><strong>(118</strong></span> <span class='ocrx_word' id='word_1_111' title='bbox 870 1723 1033 1809; x_wconf 88' lang='grc' dir='ltr'><strong>Ν8881188</strong></span> <span class='ocrx_word' id='word_1_112' title='bbox 1061 1726 1106 1788; x_wconf 89' lang='lat' dir='ltr'><strong>im</strong></span> <span class='ocrx_word' id='word_1_113' title='bbox 1140 1725 1309 1790; x_wconf 79' lang='lat' dir='ltr'><strong>aweiten</strong></span> 
     </span>
     <span class='ocr_line' id='line_1_15' title="bbox 162 1824 1308 1908; baseline 0 -16"><span class='ocrx_word' id='word_1_114' title='bbox 162 1826 280 1892; x_wconf 86' lang='lat' dir='ltr'><strong>Gliede</strong></span> <span class='ocrx_word' id='word_1_115' title='bbox 313 1825 366 1890; x_wconf 81' lang='lat' dir='ltr'><strong>fiir</strong></span> <span class='ocrx_word' id='word_1_116' title='bbox 399 1825 517 1888; x_wconf 91' lang='lat' dir='ltr'><strong>beide</strong></span> <span class='ocrx_word' id='word_1_117' title='bbox 546 1824 682 1890; x_wconf 81' lang='lat' dir='ltr'><strong>Glieder</strong></span> <span class='ocrx_word' id='word_1_118' title='bbox 714 1824 786 1908; x_wconf 89' lang='grc'><strong>8111.</strong></span> <span class='ocrx_word' id='word_1_119' title='bbox 831 1824 911 1890; x_wconf 87' lang='grc'><strong>018.</strong></span> <span class='ocrx_word' id='word_1_120' title='bbox 945 1825 1041 1891; x_wconf 86' lang='lat' dir='ltr'><strong>Rosc.</strong></span> <span class='ocrx_word' id='word_1_121' title='bbox 1065 1829 1138 1891; x_wconf 85' lang='lat' dir='ltr'><strong>Am.</strong></span> <span class='ocrx_word' id='word_1_122' title='bbox 1173 1827 1216 1891; x_wconf 93' lang='grc'><strong>23</strong></span> <span class='ocrx_word' id='word_1_123' title='bbox 1244 1846 1308 1892; x_wconf 89' lang='grc'><strong>888</strong></span> 
     </span>
     <span class='ocr_line' id='line_1_16' title="bbox 161 1926 1310 2015; baseline 0 -22"><span class='ocrx_word' id='word_1_124' title='bbox 161 1928 258 1993; x_wconf 88' lang='lat' dir='ltr'><strong>modo</strong></span> <span class='ocrx_word' id='word_1_125' title='bbox 281 1928 351 1991; x_wconf 91' lang='grc'><strong>8188</strong></span> <span class='ocrx_word' id='word_1_126' title='bbox 373 1949 452 1990; x_wconf 89' lang='grc'><strong>8888</strong></span> <span class='ocrx_word' id='word_1_127' title='bbox 473 1927 652 2013; x_wconf 85' lang='lat' dir='ltr'><strong>quiescere,</strong></span> <span class='ocrx_word' id='word_1_128' title='bbox 675 1926 733 1991; x_wconf 83' lang='lat' dir='ltr'><strong>sed</strong></span> <span class='ocrx_word' id='word_1_129' title='bbox 755 1948 797 1990; x_wconf 91' lang='lat' dir='ltr'><strong>ne</strong></span> <span class='ocrx_word' id='word_1_130' title='bbox 824 1929 951 2013; x_wconf 88' lang='lat' dir='ltr'><strong>spirare</strong></span> <span class='ocrx_word' id='word_1_131' title='bbox 972 1927 1105 2015; x_wconf 93' lang='lat' dir='ltr'><strong>quidem</strong></span> <span class='ocrx_word' id='word_1_132' title='bbox 1128 1929 1200 1992; x_wconf 89' lang='grc'><strong>8188</strong></span> <span class='ocrx_word' id='word_1_133' title='bbox 1222 1936 1310 1993; x_wconf 83' lang='lat' dir='ltr'><strong>metu</strong></span> 
     </span>
     <span class='ocr_line' id='line_1_17' title="bbox 161 2026 1309 2115; baseline 0 -21"><span class='ocrx_word' id='word_1_134' title='bbox 161 2038 308 2115; x_wconf 85' lang='lat' dir='ltr'><strong>possunt.</strong></span> <span class='ocrx_word' id='word_1_135' title='bbox 345 2029 444 2110; x_wconf 84' lang='lat' dir='ltr'><strong>(Hier</strong></span> <span class='ocrx_word' id='word_1_136' title='bbox 466 2029 511 2092; x_wconf 89' lang='grc'><strong>181</strong></span> <span class='ocrx_word' id='word_1_137' title='bbox 531 2037 669 2114; x_wconf 87' lang='lat' dir='ltr'><strong>possunt</strong></span> <span class='ocrx_word' id='word_1_138' title='bbox 691 2026 790 2093; x_wconf 90' lang='lat' dir='ltr'><strong>allein</strong></span> <span class='ocrx_word' id='word_1_139' title='bbox 812 2028 871 2093; x_wconf 89' lang='grc'><strong>(188</strong></span> <span class='ocrx_word' id='word_1_140' title='bbox 893 2031 1112 2114; x_wconf 85' lang='lat' dir='ltr'><strong>gemeinsame</strong></span> <span class='ocrx_word' id='word_1_141' title='bbox 1134 2029 1309 2111; x_wconf 72' lang='lat' dir='ltr'><strong>Pradicat).</strong></span> 
     </span>
     <span class='ocr_line' id='line_1_18' title="bbox 161 2128 1309 2219; baseline 0 -24"><span class='ocrx_word' id='word_1_142' title='bbox 161 2131 257 2195; x_wconf 83' lang='lat' dir='ltr'><strong>Eben</strong></span> <span class='ocrx_word' id='word_1_143' title='bbox 279 2152 333 2194; x_wconf 91' lang='lat' dir='ltr'><strong>so:</strong></span> <span class='ocrx_word' id='word_1_144' title='bbox 358 2129 409 2194; x_wconf 88' lang='lat' dir='ltr'><strong>off.</strong></span> <span class='ocrx_word' id='word_1_145' title='bbox 432 2132 463 2213; x_wconf 97' lang='lat'><strong>3,</strong></span> <span class='ocrx_word' id='word_1_146' title='bbox 487 2130 527 2194; x_wconf 88' lang='lat'><strong>19</strong></span> <span class='ocrx_word' id='word_1_147' title='bbox 548 2152 615 2195; x_wconf 90' lang='lat' dir='ltr'><strong>non</strong></span> <span class='ocrx_word' id='word_1_148' title='bbox 638 2152 677 2192; x_wconf 92' lang='lat' dir='ltr'><strong>m.</strong></span> <span class='ocrx_word' id='word_1_149' title='bbox 703 2128 826 2213; x_wconf 84' lang='lat' dir='ltr'><strong>facere,</strong></span> <span class='ocrx_word' id='word_1_150' title='bbox 849 2131 907 2195; x_wconf 88' lang='lat' dir='ltr'><strong>sed</strong></span> <span class='ocrx_word' id='word_1_151' title='bbox 929 2153 971 2195; x_wconf 91' lang='lat' dir='ltr'><strong>ne</strong></span> <span class='ocrx_word' id='word_1_152' title='bbox 994 2132 1140 2216; x_wconf 80' lang='lat' dir='ltr'><strong>cogitare</strong></span> <span class='ocrx_word' id='word_1_153' title='bbox 1161 2154 1192 2219; x_wconf 92' lang='lat' dir='ltr'><strong>q.</strong></span> <span class='ocrx_word' id='word_1_154' title='bbox 1216 2130 1309 2219; x_wconf 91' lang='lat' dir='ltr'><strong>quid-</strong></span> 
     </span>
     <span class='ocr_line' id='line_1_19' title="bbox 161 2230 1310 2320; baseline 0 -24"><span class='ocrx_word' id='word_1_155' title='bbox 161 2254 260 2320; x_wconf 87' lang='lat' dir='ltr'><strong>quam</strong></span> <span class='ocrx_word' id='word_1_156' title='bbox 293 2231 432 2300; x_wconf 81' lang='lat' dir='ltr'><strong>audebit,</strong></span> <span class='ocrx_word' id='word_1_157' title='bbox 477 2230 544 2295; x_wconf 85' lang='lat' dir='ltr'><strong>div.</strong></span> <span class='ocrx_word' id='word_1_158' title='bbox 568 2231 599 2313; x_wconf 89' lang='grc'><strong>2,</strong></span> <span class='ocrx_word' id='word_1_159' title='bbox 623 2231 665 2294; x_wconf 89' lang='grc'><strong>60</strong></span> <span class='ocrx_word' id='word_1_160' title='bbox 693 2253 758 2295; x_wconf 90' lang='grc'><strong>888</strong></span> <span class='ocrx_word' id='word_1_161' title='bbox 786 2255 829 2296; x_wconf 90' lang='lat' dir='ltr'><strong>m.</strong></span> <span class='ocrx_word' id='word_1_162' title='bbox 864 2255 959 2314; x_wconf 87' lang='lat' dir='ltr'><strong>cura,</strong></span> <span class='ocrx_word' id='word_1_163' title='bbox 992 2234 1050 2298; x_wconf 88' lang='lat' dir='ltr'><strong>sed</strong></span> <span class='ocrx_word' id='word_1_164' title='bbox 1081 2253 1123 2298; x_wconf 91' lang='lat' dir='ltr'><strong>ne</strong></span> <span class='ocrx_word' id='word_1_165' title='bbox 1156 2235 1310 2299; x_wconf 85' lang='lat' dir='ltr'><strong>memoria</strong></span> 
     </span>
     <span class='ocr_line' id='line_1_20' title="bbox 162 2332 1310 2421; baseline 0 -22"><span class='ocrx_word' id='word_1_166' title='bbox 162 2335 292 2421; x_wconf 90' lang='lat' dir='ltr'><strong>quidem</strong></span> <span class='ocrx_word' id='word_1_167' title='bbox 309 2333 419 2418; x_wconf 89' lang='grc'><strong>(11888.</strong></span> <span class='ocrx_word' id='word_1_168' title='bbox 450 2332 541 2397; x_wconf 88' lang='lat' dir='ltr'><strong>Lael.</strong></span> <span class='ocrx_word' id='word_1_169' title='bbox 565 2333 607 2395; x_wconf 85' lang='grc'><strong>24</strong></span> <span class='ocrx_word' id='word_1_170' title='bbox 628 2354 691 2396; x_wconf 91' lang='grc'><strong>888</strong></span> <span class='ocrx_word' id='word_1_171' title='bbox 708 2355 751 2401; x_wconf 89' lang='lat' dir='ltr'><strong>m.</strong></span> <span class='ocrx_word' id='word_1_172' title='bbox 763 2335 877 2414; x_wconf 88' lang='lat' dir='ltr'><strong>amico,</strong></span> <span class='ocrx_word' id='word_1_173' title='bbox 901 2333 959 2398; x_wconf 89' lang='lat' dir='ltr'><strong>sed</strong></span> <span class='ocrx_word' id='word_1_174' title='bbox 975 2355 1016 2397; x_wconf 92' lang='lat' dir='ltr'><strong>ne</strong></span> <span class='ocrx_word' id='word_1_175' title='bbox 1030 2332 1133 2398; x_wconf 89' lang='lat' dir='ltr'><strong>libero</strong></span> <span class='ocrx_word' id='word_1_176' title='bbox 1148 2358 1181 2421; x_wconf 91' lang='lat' dir='ltr'><strong>q.</strong></span> <span class='ocrx_word' id='word_1_177' title='bbox 1198 2333 1310 2419; x_wconf 85' lang='grc'><strong>(11888.</strong></span> 
     </span>
     <span class='ocr_line' id='line_1_21' title="bbox 161 2433 1308 2522; baseline 0.002 -22"><span class='ocrx_word' id='word_1_178' title='bbox 161 2461 192 2521; x_wconf 93' lang='lat' dir='ltr'><strong>p.</strong></span> <span class='ocrx_word' id='word_1_179' title='bbox 218 2434 310 2500; x_wconf 87' lang='lat' dir='ltr'><strong>Sulla</strong></span> <span class='ocrx_word' id='word_1_180' title='bbox 338 2436 367 2517; x_wconf 85' lang='lat'><strong>9,</strong></span> <span class='ocrx_word' id='word_1_181' title='bbox 389 2435 430 2498; x_wconf 92' lang='grc'><strong>26</strong></span> <span class='ocrx_word' id='word_1_182' title='bbox 460 2433 524 2519; x_wconf 89' lang='lat' dir='ltr'><strong>(wo</strong></span> <span class='ocrx_word' id='word_1_183' title='bbox 555 2454 653 2514; x_wconf 79' lang='lat' dir='ltr'><strong>neque</strong></span> <span class='ocrx_word' id='word_1_184' title='bbox 676 2472 713 2481; x_wconf 91' lang='lat'><em>—</em></span> <span class='ocrx_word' id='word_1_185' title='bbox 737 2456 836 2517; x_wconf 79' lang='grc'><strong>88888</strong></span> <span class='ocrx_word' id='word_1_186' title='bbox 863 2437 907 2499; x_wconf 91' lang='lat' dir='ltr'><strong>im</strong></span> <span class='ocrx_word' id='word_1_187' title='bbox 931 2438 1068 2500; x_wconf 85' lang='lat' dir='ltr'><strong>zweiten</strong></span> <span class='ocrx_word' id='word_1_188' title='bbox 1092 2434 1235 2517; x_wconf 87' lang='lat' dir='ltr'><strong>Gliede).</strong></span> <span class='ocrx_word' id='word_1_189' title='bbox 1277 2459 1308 2522; x_wconf 87' lang='lat' dir='ltr'><strong>p.</strong></span> 
     </span>
     <span class='ocr_line' id='line_1_22' title="bbox 162 2535 1309 2618; baseline 0 -16"><span class='ocrx_word' id='word_1_190' title='bbox 162 2536 249 2603; x_wconf 84' lang='lat' dir='ltr'><strong>Cael.</strong></span> <span class='ocrx_word' id='word_1_191' title='bbox 278 2539 326 2615; x_wconf 78' lang='lat'><strong>17,</strong></span> <span class='ocrx_word' id='word_1_192' title='bbox 349 2537 392 2599; x_wconf 82' lang='lat'><strong>40</strong></span> <span class='ocrx_word' id='word_1_193' title='bbox 413 2535 495 2600; x_wconf 88' lang='lat' dir='ltr'><strong>haec</strong></span> <span class='ocrx_word' id='word_1_194' title='bbox 527 2556 647 2618; x_wconf 85' lang='lat' dir='ltr'><strong>genera</strong></span> <span class='ocrx_word' id='word_1_195' title='bbox 682 2537 839 2601; x_wconf 87' lang='lat' dir='ltr'><strong>virtutum</strong></span> <span class='ocrx_word' id='word_1_196' title='bbox 873 2558 938 2601; x_wconf 92' lang='lat' dir='ltr'><strong>non</strong></span> <span class='ocrx_word' id='word_1_197' title='bbox 969 2539 1070 2604; x_wconf 83' lang='lat' dir='ltr'><strong>solum</strong></span> <span class='ocrx_word' id='word_1_198' title='bbox 1102 2539 1136 2603; x_wconf 91' lang='grc'><strong>18</strong></span> <span class='ocrx_word' id='word_1_199' title='bbox 1165 2537 1309 2603; x_wconf 83' lang='lat' dir='ltr'><strong>moribus</strong></span> 
     </span>
     <span class='ocr_line' id='line_1_23' title="bbox 161 2635 1310 2724; baseline -0.001 -21"><span class='ocrx_word' id='word_1_200' title='bbox 161 2641 300 2720; x_wconf 84' lang='lat' dir='ltr'><strong>nostrie,</strong></span> <span class='ocrx_word' id='word_1_201' title='bbox 331 2637 466 2702; x_wconf 76' lang='lat' dir='ltr'><strong>sedric</strong></span> <span class='ocrx_word' id='word_1_202' title='bbox 497 2636 562 2700; x_wconf 87' lang='lat' dir='ltr'><strong>iam</strong></span> <span class='ocrx_word' id='word_1_203' title='bbox 595 2638 629 2700; x_wconf 91' lang='lat' dir='ltr'><strong>in</strong></span> <span class='ocrx_word' id='word_1_204' title='bbox 660 2635 752 2702; x_wconf 85' lang='lat' dir='ltr'><strong>libris</strong></span> <span class='ocrx_word' id='word_1_205' title='bbox 781 2640 997 2724; x_wconf 86' lang='lat' dir='ltr'><strong>reperiuntur.</strong></span> <span class='ocrx_word' id='word_1_206' title='bbox 1042 2640 1133 2704; x_wconf 86' lang='lat' dir='ltr'><strong>Aber</strong></span> <span class='ocrx_word' id='word_1_207' title='bbox 1162 2637 1310 2703; x_wconf 86' lang='lat' dir='ltr'><strong>dennoch</strong></span> 
     </span>
     <span class='ocr_line' id='line_1_24' title="bbox 161 2739 1309 2825; baseline 0.002 -23"><span class='ocrx_word' id='word_1_208' title='bbox 161 2741 220 2804; x_wconf 88' lang='lat' dir='ltr'><strong>mit</strong></span> <span class='ocrx_word' id='word_1_209' title='bbox 250 2740 436 2825; x_wconf 88' lang='lat' dir='ltr'><strong>doppeltem</strong></span> <span class='ocrx_word' id='word_1_210' title='bbox 465 2759 546 2803; x_wconf 71' lang='grc'><strong>8888</strong></span> <span class='ocrx_word' id='word_1_211' title='bbox 573 2747 647 2824; x_wconf 90' lang='grc'><strong>8881</strong></span> <span class='ocrx_word' id='word_1_212' title='bbox 675 2740 744 2803; x_wconf 87' lang='lat' dir='ltr'><strong>red.</strong></span> <span class='ocrx_word' id='word_1_213' title='bbox 773 2740 815 2804; x_wconf 89' lang='lat' dir='ltr'><strong>ad</strong></span> <span class='ocrx_word' id='word_1_214' title='bbox 839 2739 935 2820; x_wconf 87' lang='lat' dir='ltr'><strong>Quir.</strong></span> <span class='ocrx_word' id='word_1_215' title='bbox 957 2744 989 2823; x_wconf 84' lang='lat'><strong>4,</strong></span> <span class='ocrx_word' id='word_1_216' title='bbox 1015 2743 1062 2806; x_wconf 89' lang='grc'><strong>10.</strong></span> <span class='ocrx_word' id='word_1_217' title='bbox 1087 2779 1125 2788; x_wconf 96' lang='grc'>-</span> <span class='ocrx_word' id='word_1_218' title='bbox 1150 2740 1247 2805; x_wconf 88' lang='lat' dir='ltr'><strong>Eben</strong></span> <span class='ocrx_word' id='word_1_219' title='bbox 1275 2761 1309 2806; x_wconf 90' lang='grc'><strong>88</strong></span> 
     </span>
     <span class='ocr_line' id='line_1_25' title="bbox 161 2841 1310 2925; baseline 0.002 -21"><span class='ocrx_word' id='word_1_220' title='bbox 161 2843 221 2904; x_wconf 91' lang='lat' dir='ltr'><strong>mit</strong></span> <span class='ocrx_word' id='word_1_221' title='bbox 250 2841 323 2904; x_wconf 91' lang='lat' dir='ltr'><strong>dem</strong></span> <span class='ocrx_word' id='word_1_222' title='bbox 346 2841 438 2905; x_wconf 89' lang='lat' dir='ltr'><strong>Verb</strong></span> <span class='ocrx_word' id='word_1_223' title='bbox 466 2841 552 2904; x_wconf 89' lang='lat' dir='ltr'><strong>beim</strong></span> <span class='ocrx_word' id='word_1_224' title='bbox 583 2852 721 2905; x_wconf 89' lang='lat' dir='ltr'><strong>ersten</strong></span> <span class='ocrx_word' id='word_1_225' title='bbox 745 2841 879 2906; x_wconf 86' lang='lat' dir='ltr'><strong>Gliede:</strong></span> <span class='ocrx_word' id='word_1_226' title='bbox 910 2846 980 2908; x_wconf 78' lang='lat' dir='ltr'><strong>Art.</strong></span> <span class='ocrx_word' id='word_1_227' title='bbox 1006 2845 1054 2925; x_wconf 88' lang='grc'><strong>10,</strong></span> <span class='ocrx_word' id='word_1_228' title='bbox 1077 2845 1108 2924; x_wconf 90' lang='grc'><strong>4,</strong></span> <span class='ocrx_word' id='word_1_229' title='bbox 1130 2843 1153 2907; x_wconf 93' lang='grc'><strong>4</strong></span> <span class='ocrx_word' id='word_1_230' title='bbox 1174 2864 1241 2909; x_wconf 88' lang='lat' dir='ltr'><strong>non</strong></span> <span class='ocrx_word' id='word_1_231' title='bbox 1269 2864 1310 2906; x_wconf 91' lang='lat' dir='ltr'><strong>m.</strong></span> 
     </span>
     <span class='ocr_line' id='line_1_26' title="bbox 106 2937 1310 3032; baseline 0.002 -27"><span class='ocrx_word' id='word_1_232' title='bbox 106 2937 108 2941; x_wconf 61' lang='grc'><strong>’</strong></span> <span class='ocrx_word' id='word_1_233' title='bbox 164 2964 215 3006; x_wconf 90' lang='grc'><strong>888</strong></span> <span class='ocrx_word' id='word_1_234' title='bbox 231 2953 342 3026; x_wconf 88' lang='grc'><strong>888188</strong></span> <span class='ocrx_word' id='word_1_235' title='bbox 357 2963 422 3006; x_wconf 77' lang='lat' dir='ltr'><strong>uon</strong></span> <span class='ocrx_word' id='word_1_236' title='bbox 437 2953 600 3026; x_wconf 87' lang='lat' dir='ltr'><strong>antepono</strong></span> <span class='ocrx_word' id='word_1_237' title='bbox 615 2944 708 3024; x_wconf 89' lang='lat' dir='ltr'><strong>meis,</strong></span> <span class='ocrx_word' id='word_1_238' title='bbox 734 2943 790 3006; x_wconf 90' lang='lat' dir='ltr'><strong>sed</strong></span> <span class='ocrx_word' id='word_1_239' title='bbox 807 2966 848 3007; x_wconf 89' lang='grc'><strong>88</strong></span> <span class='ocrx_word' id='word_1_240' title='bbox 864 2943 1027 3009; x_wconf 85' lang='lat' dir='ltr'><strong>fortunam</strong></span> <span class='ocrx_word' id='word_1_241' title='bbox 1043 2945 1175 3032; x_wconf 91' lang='lat' dir='ltr'><strong>quidem</strong></span> <span class='ocrx_word' id='word_1_242' title='bbox 1192 2946 1310 3032; x_wconf 88' lang='grc'><strong>188888,</strong></span> 
     </span>
     <span class='ocr_line' id='line_1_27' title="bbox 163 3041 1310 3132; baseline 0.003 -27"><span class='ocrx_word' id='word_1_243' title='bbox 163 3065 227 3128; x_wconf 87' lang='lat' dir='ltr'><strong>qua</strong></span> <span class='ocrx_word' id='word_1_244' title='bbox 251 3051 360 3128; x_wconf 87' lang='grc'><strong>8118.</strong></span> <span class='ocrx_word' id='word_1_245' title='bbox 390 3041 481 3107; x_wconf 86' lang='lat' dir='ltr'><strong>Sulla</strong></span> <span class='ocrx_word' id='word_1_246' title='bbox 503 3044 534 3120; x_wconf 89' lang='grc'><strong>9,</strong></span> <span class='ocrx_word' id='word_1_247' title='bbox 555 3043 597 3107; x_wconf 91' lang='grc'><strong>26</strong></span> <span class='ocrx_word' id='word_1_248' title='bbox 621 3043 677 3126; x_wconf 85' lang='grc'><strong>(81.</strong></span> <span class='ocrx_word' id='word_1_249' title='bbox 709 3066 773 3109; x_wconf 82' lang='lat' dir='ltr'><strong>uon</strong></span> <span class='ocrx_word' id='word_1_250' title='bbox 801 3048 890 3110; x_wconf 80' lang='grc'><strong>(88818</strong></span> <span class='ocrx_word' id='word_1_251' title='bbox 920 3044 1045 3132; x_wconf 87' lang='lat' dir='ltr'><strong>allein).</strong></span> <span class='ocrx_word' id='word_1_252' title='bbox 1091 3046 1201 3111; x_wconf 83' lang='lat' dir='ltr'><strong>Caes.</strong></span> <span class='ocrx_word' id='word_1_253' title='bbox 1225 3046 1255 3114; x_wconf 93' lang='lat' dir='ltr'><strong>b.</strong></span> <span class='ocrx_word' id='word_1_254' title='bbox 1279 3068 1310 3129; x_wconf 86' lang='lat' dir='ltr'><strong>g.</strong></span> 
     </span>
     <span class='ocr_line' id='line_1_28' title="bbox 162 3142 1309 3233; baseline 0 -25"><span class='ocrx_word' id='word_1_255' title='bbox 162 3146 193 3225; x_wconf 88' lang='lat'><strong>3,</strong></span> <span class='ocrx_word' id='word_1_256' title='bbox 216 3145 246 3208; x_wconf 94' lang='grc'><strong>4.</strong></span> <span class='ocrx_word' id='word_1_257' title='bbox 285 3147 313 3216; x_wconf 90' lang='grc'><strong>8,</strong></span> <span class='ocrx_word' id='word_1_258' title='bbox 337 3145 389 3208; x_wconf 91' lang='grc'><strong>33.</strong></span> <span class='ocrx_word' id='word_1_259' title='bbox 426 3142 521 3209; x_wconf 86' lang='lat' dir='ltr'><strong>Sall.</strong></span> <span class='ocrx_word' id='word_1_260' title='bbox 550 3144 647 3228; x_wconf 83' lang='lat' dir='ltr'><strong>frgm.</strong></span> <span class='ocrx_word' id='word_1_261' title='bbox 676 3146 740 3209; x_wconf 94' lang='lat' dir='ltr'><strong>inc.</strong></span> <span class='ocrx_word' id='word_1_262' title='bbox 768 3146 809 3209; x_wconf 92' lang='grc'><strong>26</strong></span> <span class='ocrx_word' id='word_1_263' title='bbox 831 3146 891 3233; x_wconf 78' lang='lat' dir='ltr'><strong>Kr.</strong></span> <span class='ocrx_word' id='word_1_264' title='bbox 936 3148 1023 3212; x_wconf 91' lang='lat' dir='ltr'><strong>Liv.</strong></span> <span class='ocrx_word' id='word_1_265' title='bbox 1062 3152 1088 3230; x_wconf 94' lang='lat' dir='ltr'><strong>l,</strong></span> <span class='ocrx_word' id='word_1_266' title='bbox 1110 3148 1240 3212; x_wconf 89' lang='grc'><strong>40888</strong></span> <span class='ocrx_word' id='word_1_267' title='bbox 1268 3169 1309 3210; x_wconf 90' lang='lat' dir='ltr'><strong>m.</strong></span> 
     </span>
     <span class='ocr_line' id='line_1_29' title="bbox 162 3244 1312 3333; baseline 0.002 -24"><span class='ocrx_word' id='word_1_268' title='bbox 162 3247 307 3327; x_wconf 89' lang='lat' dir='ltr'><strong>vicinae,</strong></span> <span class='ocrx_word' id='word_1_269' title='bbox 335 3244 393 3309; x_wconf 89' lang='lat' dir='ltr'><strong>sed</strong></span> <span class='ocrx_word' id='word_1_270' title='bbox 420 3267 461 3309; x_wconf 90' lang='lat' dir='ltr'><strong>ne</strong></span> <span class='ocrx_word' id='word_1_271' title='bbox 488 3244 624 3312; x_wconf 84' lang='lat' dir='ltr'><strong>Italicae</strong></span> <span class='ocrx_word' id='word_1_272' title='bbox 653 3247 784 3332; x_wconf 91' lang='lat' dir='ltr'><strong>quidem</strong></span> <span class='ocrx_word' id='word_1_273' title='bbox 813 3249 935 3333; x_wconf 89' lang='grc'><strong>8118818.</strong></span> <span class='ocrx_word' id='word_1_274' title='bbox 964 3251 996 3332; x_wconf 91' lang='grc'><strong>2,</strong></span> <span class='ocrx_word' id='word_1_275' title='bbox 1019 3250 1069 3324; x_wconf 89' lang='grc'><strong>61,</strong></span> <span class='ocrx_word' id='word_1_276' title='bbox 1099 3249 1129 3313; x_wconf 83' lang='grc'><strong>5.</strong></span> <span class='ocrx_word' id='word_1_277' title='bbox 1160 3249 1193 3331; x_wconf 87' lang='grc'><strong>3,</strong></span> <span class='ocrx_word' id='word_1_278' title='bbox 1216 3248 1312 3328; x_wconf 90' lang='grc'><strong>24,4</strong></span> 
     </span>
     <span class='ocr_line' id='line_1_30' title="bbox 161 3348 1311 3436; baseline 0.001 -24"><span class='ocrx_word' id='word_1_279' title='bbox 161 3370 259 3429; x_wconf 79' lang='lat' dir='ltr'><strong>aeque</strong></span> <span class='ocrx_word' id='word_1_280' title='bbox 280 3349 415 3411; x_wconf 80' lang='lat' dir='ltr'><strong>fratrem</strong></span> <span class='ocrx_word' id='word_1_281' title='bbox 438 3386 479 3395; x_wconf 92' lang='lat'>-</span> <span class='ocrx_word' id='word_1_282' title='bbox 502 3370 644 3433; x_wconf 89' lang='lat' dir='ltr'><strong>unquam</strong></span> <span class='ocrx_word' id='word_1_283' title='bbox 674 3370 737 3413; x_wconf 90' lang='lat' dir='ltr'><strong>non</strong></span> <span class='ocrx_word' id='word_1_284' title='bbox 765 3350 860 3414; x_wconf 91' lang='lat' dir='ltr'><strong>modo</strong></span> <span class='ocrx_word' id='word_1_285' title='bbox 889 3351 995 3414; x_wconf 87' lang='lat' dir='ltr'><strong>visum</strong></span> <span class='ocrx_word' id='word_1_286' title='bbox 1025 3350 1057 3413; x_wconf 91' lang='lat' dir='ltr'><strong>in</strong></span> <span class='ocrx_word' id='word_1_287' title='bbox 1082 3348 1230 3436; x_wconf 88' lang='lat' dir='ltr'><strong>publico,</strong></span> <span class='ocrx_word' id='word_1_288' title='bbox 1253 3348 1311 3415; x_wconf 84' lang='lat' dir='ltr'><strong>sed</strong></span> 
     </span>
     <span class='ocr_line' id='line_1_31' title="bbox 162 3448 1312 3537; baseline 0.001 -24"><span class='ocrx_word' id='word_1_289' title='bbox 162 3471 202 3513; x_wconf 91' lang='lat' dir='ltr'><strong>ne</strong></span> <span class='ocrx_word' id='word_1_290' title='bbox 232 3448 459 3513; x_wconf 86' lang='lat' dir='ltr'><strong>adsurrexisse</strong></span> <span class='ocrx_word' id='word_1_291' title='bbox 488 3449 620 3537; x_wconf 87' lang='lat' dir='ltr'><strong>quidem</strong></span> <span class='ocrx_word' id='word_1_292' title='bbox 650 3472 692 3514; x_wconf 86' lang='lat' dir='ltr'><strong>ex</strong></span> <span class='ocrx_word' id='word_1_293' title='bbox 718 3451 831 3516; x_wconf 89' lang='lat' dir='ltr'><strong>morbo</strong></span> <span class='ocrx_word' id='word_1_294' title='bbox 863 3456 929 3534; x_wconf 89' lang='lat' dir='ltr'><strong>(wo</strong></span> <span class='ocrx_word' id='word_1_295' title='bbox 957 3451 1030 3515; x_wconf 90' lang='lat' dir='ltr'><strong>dem</strong></span> <span class='ocrx_word' id='word_1_296' title='bbox 1052 3473 1153 3534; x_wconf 80' lang='lat' dir='ltr'><strong>neque</strong></span> <span class='ocrx_word' id='word_1_297' title='bbox 1176 3448 1312 3517; x_wconf 79' lang='grc'><strong>818181-</strong></span> 
     </span>
     <span class='ocr_line' id='line_1_32' title="bbox 162 3541 1327 3638; baseline 0.002 -24"><span class='ocrx_word' id='word_1_298' title='bbox 162 3548 285 3635; x_wconf 81' lang='lat' dir='ltr'><strong>gendes</strong></span> <span class='ocrx_word' id='word_1_299' title='bbox 301 3571 356 3614; x_wconf 83' lang='grc'><strong>888</strong></span> <span class='ocrx_word' id='word_1_300' title='bbox 372 3551 577 3636; x_wconf 77' lang='grc'><strong>8818888181)</strong></span> <span class='ocrx_word' id='word_1_301' title='bbox 600 3552 630 3632; x_wconf 88' lang='lat'><strong>6,</strong></span> <span class='ocrx_word' id='word_1_302' title='bbox 653 3552 706 3633; x_wconf 90' lang='grc'><strong>20,</strong></span> <span class='ocrx_word' id='word_1_303' title='bbox 729 3552 824 3616; x_wconf 88' lang='grc'><strong>2888</strong></span> <span class='ocrx_word' id='word_1_304' title='bbox 839 3574 911 3616; x_wconf 86' lang='lat' dir='ltr'><strong>cum</strong></span> <span class='ocrx_word' id='word_1_305' title='bbox 929 3575 966 3618; x_wconf 92' lang='grc'><strong>88</strong></span> <span class='ocrx_word' id='word_1_306' title='bbox 987 3576 1053 3618; x_wconf 88' lang='grc'><strong>888</strong></span> <span class='ocrx_word' id='word_1_307' title='bbox 1068 3553 1165 3618; x_wconf 91' lang='lat' dir='ltr'><strong>modo</strong></span> <span class='ocrx_word' id='word_1_308' title='bbox 1180 3541 1327 3638; x_wconf 35' lang='lat' dir='ltr'><strong>patrum*</strong></span> 
     </span>
     <span class='ocr_line' id='line_1_33' title="bbox 163 3651 1313 3739; baseline 0.004 -25"><span class='ocrx_word' id='word_1_309' title='bbox 163 3673 368 3738; x_wconf 88' lang='lat' dir='ltr'><strong>quemquam,</strong></span> <span class='ocrx_word' id='word_1_310' title='bbox 392 3651 449 3716; x_wconf 90' lang='lat' dir='ltr'><strong>sed</strong></span> <span class='ocrx_word' id='word_1_311' title='bbox 471 3676 512 3716; x_wconf 90' lang='lat' dir='ltr'><strong>nc</strong></span> <span class='ocrx_word' id='word_1_312' title='bbox 542 3663 697 3738; x_wconf 86' lang='lat' dir='ltr'><strong>cognatos</strong></span> <span class='ocrx_word' id='word_1_313' title='bbox 727 3655 868 3738; x_wconf 81' lang='lat' dir='ltr'><strong>quidem.</strong></span> <span class='ocrx_word' id='word_1_314' title='bbox 899 3657 950 3738; x_wconf 84' lang='lat'><strong>25,</strong></span> <span class='ocrx_word' id='word_1_315' title='bbox 973 3656 1024 3735; x_wconf 92' lang='grc'><strong>26,</strong></span> <span class='ocrx_word' id='word_1_316' title='bbox 1050 3657 1099 3719; x_wconf 92' lang='grc'><strong>10.</strong></span> <span class='ocrx_word' id='word_1_317' title='bbox 1129 3655 1182 3738; x_wconf 94' lang='grc'><strong>34,</strong></span> <span class='ocrx_word' id='word_1_318' title='bbox 1206 3654 1259 3739; x_wconf 88' lang='grc'><strong>39,</strong></span> <span class='ocrx_word' id='word_1_319' title='bbox 1281 3654 1313 3719; x_wconf 88' lang='grc'><strong>3.</strong></span> 
     </span>
     <span class='ocr_line' id='line_1_34' title="bbox 163 3751 1311 3842; baseline 0.008 -26"><span class='ocrx_word' id='word_1_320' title='bbox 163 3753 258 3818; x_wconf 82' lang='lat' dir='ltr'><strong>Eben</strong></span> <span class='ocrx_word' id='word_1_321' title='bbox 281 3775 317 3816; x_wconf 90' lang='lat' dir='ltr'><strong>so</strong></span> <span class='ocrx_word' id='word_1_322' title='bbox 340 3753 394 3816; x_wconf 90' lang='lat' dir='ltr'><strong>bei</strong></span> <span class='ocrx_word' id='word_1_323' title='bbox 418 3751 615 3838; x_wconf 80' lang='lat' dir='ltr'><strong>Quintilian,</strong></span> <span class='ocrx_word' id='word_1_324' title='bbox 644 3755 755 3820; x_wconf 87' lang='lat' dir='ltr'><strong>Justin</strong></span> <span class='ocrx_word' id='word_1_325' title='bbox 785 3755 850 3818; x_wconf 89' lang='lat' dir='ltr'><strong>und</strong></span> <span class='ocrx_word' id='word_1_326' title='bbox 873 3757 957 3820; x_wconf 89' lang='lat' dir='ltr'><strong>noch</strong></span> <span class='ocrx_word' id='word_1_327' title='bbox 981 3758 1033 3822; x_wconf 92' lang='lat' dir='ltr'><strong>bei</strong></span> <span class='ocrx_word' id='word_1_328' title='bbox 1056 3759 1151 3825; x_wconf 85' lang='lat' dir='ltr'><strong>Lact.</strong></span> <span class='ocrx_word' id='word_1_329' title='bbox 1177 3762 1205 3842; x_wconf 93' lang='grc'><strong>1,</strong></span> <span class='ocrx_word' id='word_1_330' title='bbox 1227 3761 1259 3841; x_wconf 88' lang='grc'><strong>4,</strong></span> <span class='ocrx_word' id='word_1_331' title='bbox 1281 3761 1311 3825; x_wconf 87' lang='grc'><strong>6</strong></span> 
     </span>
    </p>
   </div>
   <div class='ocr_carea' id='block_1_7' title="bbox 163 3888 1315 4288">
    <p class='ocr_par' dir='ltr' id='par_1_7' title="bbox 163 3888 1315 4288">
     <span class='ocr_line' id='line_1_35' title="bbox 245 3888 1315 3978; baseline 0.012 -27"><span class='ocrx_word' id='word_1_332' title='bbox 245 3888 285 3973; x_wconf 87' lang='lat' dir='ltr'><strong>k)</strong></span> <span class='ocrx_word' id='word_1_333' title='bbox 320 3890 402 3953; x_wconf 85' lang='lat' dir='ltr'><strong>Sehr</strong></span> <span class='ocrx_word' id='word_1_334' title='bbox 424 3888 526 3954; x_wconf 90' lang='lat' dir='ltr'><strong>selten</strong></span> <span class='ocrx_word' id='word_1_335' title='bbox 549 3890 616 3954; x_wconf 90' lang='lat' dir='ltr'><strong>und</strong></span> <span class='ocrx_word' id='word_1_336' title='bbox 646 3890 697 3954; x_wconf 87' lang='lat' dir='ltr'><strong>bis</strong></span> <span class='ocrx_word' id='word_1_337' title='bbox 716 3893 802 3978; x_wconf 89' lang='grc'><strong>88181</strong></span> <span class='ocrx_word' id='word_1_338' title='bbox 823 3915 884 3955; x_wconf 88' lang='grc'><strong>888</strong></span> <span class='ocrx_word' id='word_1_339' title='bbox 911 3914 952 3956; x_wconf 89' lang='grc'><strong>88</strong></span> <span class='ocrx_word' id='word_1_340' title='bbox 975 3892 1046 3959; x_wconf 90' lang='grc'><strong>(1881</strong></span> <span class='ocrx_word' id='word_1_341' title='bbox 1068 3893 1193 3960; x_wconf 87' lang='lat' dir='ltr'><strong>Stellen</strong></span> <span class='ocrx_word' id='word_1_342' title='bbox 1216 3897 1315 3964; x_wconf 88' lang='lat' dir='ltr'><strong>beob-</strong></span> 
     </span>
     <span class='ocr_line' id='line_1_36' title="bbox 164 3991 1315 4087; baseline 0.009 -33"><span class='ocrx_word' id='word_1_343' title='bbox 164 3991 297 4056; x_wconf 83' lang='lat' dir='ltr'><strong>bachtet</strong></span> <span class='ocrx_word' id='word_1_344' title='bbox 320 3991 363 4054; x_wconf 89' lang='lat' dir='ltr'><strong>ist</strong></span> <span class='ocrx_word' id='word_1_345' title='bbox 378 4012 417 4054; x_wconf 83' lang='grc'><strong>88</strong></span> <span class='ocrx_word' id='word_1_346' title='bbox 432 4029 471 4039; x_wconf 86' lang='grc'>-</span> <span class='ocrx_word' id='word_1_347' title='bbox 487 3995 612 4073; x_wconf 82' lang='lat' dir='ltr'><strong>quidem</strong></span> <span class='ocrx_word' id='word_1_348' title='bbox 627 3994 687 4057; x_wconf 80' lang='lat' dir='ltr'><strong>mit</strong></span> <span class='ocrx_word' id='word_1_349' title='bbox 702 3991 889 4077; x_wconf 86' lang='lat' dir='ltr'><strong>folgendem</strong></span> <span class='ocrx_word' id='word_1_350' title='bbox 910 3997 965 4060; x_wconf 81' lang='lat' dir='ltr'><strong>sed</strong></span> <span class='ocrx_word' id='word_1_351' title='bbox 985 3997 1019 4060; x_wconf 92' lang='lat' dir='ltr'><strong>in</strong></span> <span class='ocrx_word' id='word_1_352' title='bbox 1042 3994 1101 4060; x_wconf 87' lang='lat' dir='ltr'><strong>der</strong></span> <span class='ocrx_word' id='word_1_353' title='bbox 1115 3996 1315 4087; x_wconf 80' lang='lat' dir='ltr'><strong>Bedeutnng</strong></span> 
     </span>
     <span class='ocr_line' id='line_1_37' title="bbox 163 4094 1314 4188; baseline 0.01 -33"><span class='ocrx_word' id='word_1_354' title='bbox 163 4114 228 4156; x_wconf 89' lang='lat' dir='ltr'><strong>von</strong></span> <span class='ocrx_word' id='word_1_355' title='bbox 250 4097 402 4157; x_wconf 83' lang='grc'><strong>8881888</strong></span> <span class='ocrx_word' id='word_1_356' title='bbox 424 4131 465 4140; x_wconf 89' lang='lat'>—</span> <span class='ocrx_word' id='word_1_357' title='bbox 488 4114 605 4174; x_wconf 79' lang='lat' dir='ltr'><strong>quum:</strong></span> <span class='ocrx_word' id='word_1_358' title='bbox 628 4095 699 4160; x_wconf 86' lang='grc'><strong>018.</strong></span> <span class='ocrx_word' id='word_1_359' title='bbox 714 4094 798 4159; x_wconf 90' lang='lat' dir='ltr'><strong>Phil.</strong></span> <span class='ocrx_word' id='word_1_360' title='bbox 826 4097 873 4174; x_wconf 88' lang='lat'><strong>13,</strong></span> <span class='ocrx_word' id='word_1_361' title='bbox 900 4096 948 4178; x_wconf 88' lang='lat'><strong>19,</strong></span> <span class='ocrx_word' id='word_1_362' title='bbox 972 4097 1014 4161; x_wconf 90' lang='grc'><strong>43</strong></span> <span class='ocrx_word' id='word_1_363' title='bbox 1036 4108 1071 4161; x_wconf 87' lang='grc'><strong>18</strong></span> <span class='ocrx_word' id='word_1_364' title='bbox 1086 4119 1128 4161; x_wconf 90' lang='grc'><strong>88</strong></span> <span class='ocrx_word' id='word_1_365' title='bbox 1149 4100 1222 4184; x_wconf 90' lang='grc'><strong>8188</strong></span> <span class='ocrx_word' id='word_1_366' title='bbox 1240 4104 1314 4188; x_wconf 92' lang='lat' dir='ltr'><strong>qni-</strong></span> 
     </span>
     <span class='ocr_line' id='line_1_38' title="bbox 163 4194 1315 4288; baseline 0.01 -32"><span class='ocrx_word' id='word_1_367' title='bbox 163 4194 249 4275; x_wconf 91' lang='lat' dir='ltr'><strong>dem,</strong></span> <span class='ocrx_word' id='word_1_368' title='bbox 273 4194 331 4257; x_wconf 89' lang='lat' dir='ltr'><strong>sed</strong></span> <span class='ocrx_word' id='word_1_369' title='bbox 355 4194 518 4279; x_wconf 86' lang='lat' dir='ltr'><strong>piissimos</strong></span> <span class='ocrx_word' id='word_1_370' title='bbox 542 4198 683 4279; x_wconf 86' lang='lat' dir='ltr'><strong>quaeris.</strong></span> <span class='ocrx_word' id='word_1_371' title='bbox 730 4197 820 4261; x_wconf 88' lang='lat' dir='ltr'><strong>Curt.</strong></span> <span class='ocrx_word' id='word_1_372' title='bbox 844 4200 873 4280; x_wconf 87' lang='lat'><strong>8,</strong></span> <span class='ocrx_word' id='word_1_373' title='bbox 899 4200 926 4277; x_wconf 91' lang='lat' dir='ltr'><strong>l,</strong></span> <span class='ocrx_word' id='word_1_374' title='bbox 949 4200 991 4261; x_wconf 90' lang='grc'><strong>44</strong></span> <span class='ocrx_word' id='word_1_375' title='bbox 1012 4199 1109 4264; x_wconf 88' lang='lat' dir='ltr'><strong>amici</strong></span> <span class='ocrx_word' id='word_1_376' title='bbox 1122 4200 1173 4264; x_wconf 86' lang='lat' dir='ltr'><strong>¹ne</strong></span> <span class='ocrx_word' id='word_1_377' title='bbox 1196 4205 1315 4288; x_wconf 86' lang='grc'><strong>8881118</strong></span> 
     </span>
    </p>
   </div>
   <div class='ocr_carea' id='block_1_8' title="bbox 163 4294 1317 4484">
    <p class='ocr_par' dir='ltr' id='par_1_8' title="bbox 163 4294 1317 4484">
     <span class='ocr_line' id='line_1_39' title="bbox 163 4294 1317 4390; baseline 0.013 -34"><span class='ocrx_word' id='word_1_378' title='bbox 163 4317 217 4378; x_wconf 92' lang='lat' dir='ltr'><strong>qu.</strong></span> <span class='ocrx_word' id='word_1_379' title='bbox 241 4295 304 4359; x_wconf 76' lang='lat' dir='ltr'><strong>sed</strong></span> <span class='ocrx_word' id='word_1_380' title='bbox 321 4294 458 4359; x_wconf 87' lang='lat' dir='ltr'><strong>abiectis</strong></span> <span class='ocrx_word' id='word_1_381' title='bbox 481 4296 606 4382; x_wconf 89' lang='lat' dir='ltr'><strong>poculis</strong></span> <span class='ocrx_word' id='word_1_382' title='bbox 630 4309 840 4381; x_wconf 86' lang='grc'><strong>8888888881.</strong></span> <span class='ocrx_word' id='word_1_383' title='bbox 883 4296 966 4362; x_wconf 90' lang='grc' dir='ltr'><strong>Ρ118.</strong></span> <span class='ocrx_word' id='word_1_384' title='bbox 990 4300 1021 4363; x_wconf 92' lang='lat' dir='ltr'><strong>h.</strong></span> <span class='ocrx_word' id='word_1_385' title='bbox 1046 4324 1075 4364; x_wconf 91' lang='lat' dir='ltr'><strong>n.</strong></span> <span class='ocrx_word' id='word_1_386' title='bbox 1099 4302 1151 4390; x_wconf 87' lang='grc'><strong>33,</strong></span> <span class='ocrx_word' id='word_1_387' title='bbox 1174 4305 1196 4366; x_wconf 91' lang='grc'><strong>4</strong></span> <span class='ocrx_word' id='word_1_388' title='bbox 1218 4306 1248 4388; x_wconf 64' lang='lat'><strong>5.</strong></span> <span class='ocrx_word' id='word_1_389' title='bbox 1273 4306 1317 4372; x_wconf 72' lang='lat'><strong>74</strong></span> 
     </span>
     <span class='ocr_line' id='line_1_40' title="bbox 164 4396 898 4484; baseline 0.008 -26"><span class='ocrx_word' id='word_1_390' title='bbox 164 4396 289 4480; x_wconf 87' lang='grc'><strong>8888188</strong></span> <span class='ocrx_word' id='word_1_391' title='bbox 312 4417 353 4459; x_wconf 89' lang='grc'><strong>88</strong></span> <span class='ocrx_word' id='word_1_392' title='bbox 375 4396 518 4460; x_wconf 84' lang='lat' dir='ltr'><strong>ferarum</strong></span> <span class='ocrx_word' id='word_1_393' title='bbox 540 4398 671 4484; x_wconf 90' lang='lat' dir='ltr'><strong>quidem</strong></span> <span class='ocrx_word' id='word_1_394' title='bbox 694 4400 751 4464; x_wconf 91' lang='lat' dir='ltr'><strong>sed</strong></span> <span class='ocrx_word' id='word_1_395' title='bbox 773 4399 898 4464; x_wconf 89' lang='lat' dir='ltr'><strong>alitum.</strong></span> 
     </span>
    </p>
   </div>
   <div class='ocr_carea' id='block_1_9' title="bbox 0 0 1480 4988">
    <p class='ocr_par' dir='ltr' id='par_1_9' title="bbox 0 0 1480 4988">
     <span class='ocr_line' id='line_1_41' title="bbox 0 0 1480 4988; baseline 0 0"><span class='ocrx_word' id='word_1_396' title='bbox 0 0 1480 4988; x_wconf 95' lang='lat' dir='ltr'><strong> </strong></span> 
     </span>
    </p>
   </div>
  </div>
 </body>
</html>
