2948 4988
578 333 788 398 „59-

107 491 178 557 Cic.
201 491 278 570 sam,
302 489 334 570 8,
356 490 387 572 8,
408 488 430 552 2
451 509 558 575 neque
578 486 765 552 Laterensis
791 484 889 569 („und
912 486 1041 566 nicht“;
1064 483 1123 548 der
1145 482 1251 546 Nach-

101 603 177 658 satz
201 589 286 677 lolgt
308 590 383 655 bei:
406 611 526 674 magna
547 587 635 653 illico
658 587 769 669 lama).

192 691 287 758 Noch
319 691 411 756 nicht
442 691 602 777 geandert
631 690 675 753 ist
703 688 757 753 die
786 711 849 753 von
878 687 1017 771 Madvig
1050 686 1251 751 verworfene

96 795 223 859 Lesart
243 795 277 858 in
300 793 477 878 folgenden
498 792 567 857 drei
584 787 722 855 Stelleu:
747 801 811 877 top.
825 792 855 874 4,
878 789 920 854 23
942 810 1001 853 nec
1016 811 1103 876 aqua
1114 790 1146 853 in
1171 791 1251 854 urbe

96 895 230 981 (Madv.
265 893 349 959 will:
384 915 424 957 ne
456 916 543 980 aqua
574 891 731 979 quidem).
775 891 818 955 ad
846 890 921 955 lam.
947 892 977 972 1,
1000 890 1074 968 8,3
1104 890 1160 955 sed
1193 912 1253 955 nec

94 997 184 1061 mihi
209 994 445 1081 (Wesenbergz
469 1004 557 1077 sunt,
584 1014 645 1057 nec
674 992 779 1076 mihi).
823 994 893 1056 Att.
917 992 948 1074 2,
976 995 1002 1076 1,
1024 993 1045 1056 5
1067 994 1122 1058 sed
1147 1013 1251 1078 neque

96 1119 225 1183 magno
247 1118 345 1185 opere
368 1097 460 1177 (aber
480 1096 525 1160 im
548 1095 620 1160 cod.
643 1094 729 1160 Med.
753 1094 835 1157 fehlt
855 1095 932 1181 sed).

190 1201 261 1264 Aus
284 1200 437 1264 Caesar
464 1199 508 1262 ist
535 1197 643 1261 nichts
666 1196 887 1274 annuliilrren,
911 1216 970 1258 aus
992 1195 1118 1259 Varro
1139 1218 1202 1259 nur
1224 1219 1249 1260 r.

93 1323 128 1365 r.
158 1303 186 1381 l,
209 1301 251 1364 45
273 1321 356 1387 quae
378 1321 438 1364 nec
452 1299 566 1363 eodem
582 1307 741 1384 tempore3
764 1297 844 1362 aber
864 1318 946 1380 paroc
967 1297 1011 1361 ist
1027 1320 1067 1359 zu
1091 1301 1251 1362 streichcn

92 1399 170 1466 und
193 1422 250 1465 aec
269 1400 374 1466 heisst
396 1399 484 1483 „und
507 1399 632 1468 nicht“.

191 1502 251 1567 Bei
273 1500 365 1568 Sall.
389 1502 466 1588 Jug.
488 1502 542 1585 57,
565 1502 585 1566 6
608 1501 682 1566 liest
711 1522 785 1565 man
814 1523 876 1564 nur
897 1500 997 1566 noch:
1028 1500 1086 1565 sed
1114 1523 1155 1565 nc
1177 1499 1250 1566 illos
1366 1524 1369 1530 ’

90 1603 246 1690 quidem.

189 1703 399 1769 Zweilelhat't
421 1705 474 1769 bei
499 1704 607 1791 Virg.
631 1703 688 1769 ecl.
710 1705 742 1786 3,
767 1703 828 1767 102
850 1703 899 1768 his
923 1714 1009 1770 certe
1032 1726 1136 1793 neque
1159 1726 1249 1769 amor

91 1828 205 1871 causa
225 1816 285 1885 est,
309 1808 372 1871 wie
394 1790 476 1871 noch
499 1804 650 1872 Ribbeck
674 1806 767 1888 lieet,
790 1807 869 1871 aber
891 1807 944 1870 die
969 1806 1162 1892 Bedeutung
1185 1822 1249 1871 voit

90 1932 139 1975 ric
167 1945 203 1956 -
227 1909 351 1991 quidem
365 1908 456 1994 giebt
471 1906 594 1972 keinen
609 1907 708 1990 Sinn3
732 1929 806 1971 man
823 1916 955 1987 mlisste,
979 1929 1072 1972 wenn
1094 1908 1147 1973 die
1169 1909 1246 1972 Les-

89 2021 154 2075 art
181 2008 337 2075 bestehen
369 2006 446 2088 soll,
480 2031 521 2073 zu
555 2009 614 2073 der
645 2008 927 2073 alterthitmlichen
957 2007 1153 2096 Bedeutung
1184 2032 1267 2075 von·

90 2132 201 2194 neqrre
222 2121 301 2176 statt
314 2132 379 2177 non
393 2113 484 2177 scine
499 2108 651 2175 Zuflucht
665 2112 815 2193 nehmen‚
839 2110 944 2176 wofur
966 2111 1017 2174 ich
1040 2112 1144 2177 lieber
1163 2113 1248 2177 nach

90 2212 287 2300 Stephanus
315 2210 383 2277 und
412 2212 568 2277 Heinsius
598 2210 680 2276 lese:
711 2213 744 2277 hi
774 2223 860 2277 certe
888 2223 1004 2299 (neque
1032 2234 1122 2277 amor
1149 2236 1248 2278 eausa

89 2313 166 2400 est)
184 2324 243 2380 ctt.
278 2313 464 2380 Falschlich
488 2312 575 2378 nieht
595 2314 753 2400 Ladewig
774 2315 858 2379 auch
881 2314 1002 2398 Georg.
1026 2315 1056 2397 3,
1077 2316 1141 2381 548
1163 2316 1246 2380 hier·
1333 2382 1336 2386 ,

90 2419 176 2482 her:
205 2417 269 2481 iam
295 2437 356 2481 nec
383 2418 500 2480 mutari
528 2415 650 2502 pabula
675 2416 784 2483 refert.
842 2416 887 2480 Es
924 2417 1165 2502 correspondirt
1193 2439 1248 2483 nec

91 2519 164 2583 mit
184 2516 261 2581 dem
282 2518 311 2582 F
312 2517 490 2603 olgenden:
514 2517 743 2604 quaesitusque
764 2527 882 2582 nocent
903 2527 1000 2582 artes.

186 2617 261 2684 Von
282 2616 354 2683 hier
374 2619 418 2683 ab
439 2618 542 2682 findet
557 2618 626 2683 sich
641 2641 696 2685 acc
718 2620 771 2684 fiir
792 2621 970 2703 rte-quidem
992 2619 1248 2704 unaweiselhaft,

88 2718 262 2787 aunachat
282 2719 337 2783 cin
357 2718 424 2784 Mal
449 2722 501 2786 bei
517 2719 609 2785 Hor.
633 2732 693 2788 sat.
715 2723 744 2805 2,
767 2724 797 2805 3,
819 2722 884 2786 262
906 2744 964 2786 uec
986 2742 1083 2804 nunc,
1106 2742 1179 2786 cum
1196 2744 1247 2785 me

92 2831 202 2888 vocat
224 2819 321 2903 ultro,
344 2821 522 2888 accedam?
546 2823 642 2907 („soll
658 2824 710 2888 ich
726 2825 807 2888 auch
821 2826 906 2910 jetzt
920 2823 1011 2887 nicht
1024 2824 1246 2910 hingehen7“)

88 2923 216 2990 Oefter
238 2921 340 2987 sehon
362 2923 416 2987 bei
437 2924 567 2989 Livius:
594 2929 620 3003 1,
645 2926 697 3005 27,
722 2926 762 2989 10
788 2947 849 2989 nec
880 2924 930 2989 illi
958 2923 1061 2989 tulere
1088 2926 1245 3013 impetum

89 3025 205 3111 („und
228 3023 311 3089 auch
332 3026 409 3111 jenc
438 3027 559 3091 lriclten
589 3026 676 3090 nicht
698 3027 803 3108 aus“).
847 3027 878 3108 5,
901 3028 952 3109 33,
978 3029 1014 3090 11
1039 3027 1179 3113 nequid
1204 3053 1245 3093 ex

88 3127 235 3212 antiquo
257 3137 388 3213 praeter
409 3150 523 3192 sonum
546 3127 679 3213 linguae
701 3148 760 3191 nec
787 3148 861 3189 eum
884 3128 1104 3214 incorruptum
1127 3133 1244 3196 retine·

87 3240 182 3295 rent
228 3225 391 3292 Unsicher
412 3228 456 3292 ist
479 3230 508 3311 7,
530 3229 581 3313 40,
604 3229 624 3293 0
647 3239 683 3293 ut
704 3250 810 3315 neque
832 3230 866 3291 in
889 3228 947 3293 hos
970 3252 1058 3295 meos
1084 3233 1164 3317 (vgl.
1190 3232 1243 3297 da·

87 3328 204 3397 solbat
222 3327 428 3414 warrens).
459 3329 634 3396 Vielleicht
655 3330 708 3412 21,
730 3330 783 3412 36,
806 3331 823 3393 7
841 3353 902 3394 nec
917 3331 1035 3417 stirpes
1051 3334 1137 3398 circa
1158 3333 1244 3399 radi·

86 3452 197 3499 ocare
221 3469 257 3478 -
287 3442 381 3497 erant
413 3432 493 3518 (vgl.
528 3433 619 3497 Cart.
643 3434 674 3514 4,
697 3433 727 3512 9,
753 3434 791 3494 10
818 3454 858 3495 ne
891 3433 1009 3516 stirpes
1046 3435 1177 3521 quidem
1213 3450 1245 3502 et

86 3535 218 3602 brevia
237 3532 406 3621 virgulta).
449 3532 500 3612 23,
527 3533 575 3613 18,
597 3534 619 3596 4
641 3534 689 3597 ita
710 3534 823 3618 primis
846 3533 985 3620 repulsis
1009 3536 1179 3602 Maharbal
1208 3578 1243 3586 —

87 3657 154 3704 nec
174 3637 242 3719 ipse
256 3637 457 3723 eruptionem
476 3634 657 3701 cohortium
681 3635 848 3698 sustinuit.
881 3637 933 3719 30,
957 3640 987 3717 3,
1011 3640 1031 3702 3
1052 3661 1113 3704 nee
1136 3641 1243 3728 Scipio

87 3777 136 3790 --
167 3738 347 3801 remiserat.
392 3734 555 3801 Unaielrer
581 3757 631 3823 cp.
654 3737 706 3815 42,
737 3738 883 3822 7neque
907 3738 978 3825 ipsi.
1001 3740 1053 3821 30,
1079 3742 1126 3821 15,
1150 3743 1168 3804 7
1192 3765 1243 3807 ae-

85 3841 184 3928 cipio
207 3835 355 3925 nuptiale
376 3859 509 3918 munus,
537 3858 643 3924 neque
666 3839 839 3923 ingratum.
870 3840 920 3921 31,
943 3840 995 3922 22,
1019 3842 1036 3904 7
1060 3864 1124 3906 non
1146 3845 1241 3907 modo

86 3942 239 4011 Sunium
271 3958 424 4024 superare
453 3937 511 4003 scd
538 3961 599 4004 nec
626 3952 721 4004 extra
748 3941 867 4004 fretum
896 3941 1012 4029 Euripi
1041 3944 1242 4008 committere

84 4054 214 4131 aperto
235 4040 316 4104 mari
339 4041 563 4106 seaudebant.
586 4041 638 4123 34,
660 4040 711 4125 32,
733 4041 831 4105 9non
854 4043 984 4128 quidem
1008 4065 1063 4108 aec
1085 4046 1155 4126 ipso
1177 4065 1240 4107 me-

86 4144 223 4213 diocria
245 4147 354 4224 (atattz
377 4163 443 4206 non
457 4179 492 4188 —
514 4166 554 4207 ne
576 4144 649 4229 ipsa
669 4143 825 4229 quidem).
851 4145 903 4226 35,
924 4145 977 4226 46,
1004 4147 1042 4208 13
1064 4145 1241 4207 amicitiam

87 4246 185 4331 regis
210 4265 273 4307 non
297 4245 476 4330 aspernari,
498 4267 559 4310 nec
582 4245 728 4333 ipsorum
744 4244 942 4311 Aetolorum.
975 4246 1028 4328 37,
1051 4247 1102 4329 20,
1125 4246 1144 4303 8
1167 4243 1240 4310 lios-

88 4366 145 4418 ια
169 4384 213 4394 -
235 4367 295 4408 nec
327 4345 389 4432 ipsi
423 4346 600 4434 quidquam
639 4371 680 4412 cx
703 4346 798 4411 solita
831 4347 1032 4432 negligentia
1066 4359 1241 4414 mutarunt.

88 4454 149 4531 38,
171 4448 269 4531 23,ss
298 4469 359 4513 nec
392 4470 446 4515 eos
479 4449 576 4536 (auch
609 4449 700 4517 diese
733 4449 837 4536 nicht)
867 4459 974 4515 castra
1001 4448 1124 4516 intrare
1153 4450 1240 4516 sinit.
