2948 4988
542 351 802 446 -701-ι

142 519 217 584 lecti
247 519 350 601 steht,
384 519 418 582 in
452 519 515 584 den
544 519 653 605 Conj.
676 520 856 605 perfecti
884 528 1004 602 treten,
1037 520 1154 585 sobald
1181 522 1227 584 sie

142 630 183 685 »st
206 644 271 686 von
293 622 398 685 einem
422 619 565 683 anderen
587 620 792 706 Hauptsstze
814 621 983 706 abhttngig
1005 622 1137 685 werden
1159 621 1227 685 und

158 722 277 787 Modus
301 724 425 787 tndem
440 730 581 785 mlissen.
624 723 671 786 Es
694 722 864 806 geschielrt
879 723 949 786 dies
966 744 1018 787 am
1042 721 1226 806 hitufigsten

165 824 224 888 der
248 822 466 886 Perfeetform
493 822 551 886 des
583 823 967 909 periphrastischen
993 825 1224 908 Futurums,

143 946 183 988 en
204 925 264 988 mit
285 923 344 987 der
359 925 416 987 des
440 921 741 988 Gerundivums
763 924 831 987 und
854 924 902 989 oft
925 926 984 989 mit
1006 924 1080 988 dem
1096 924 1227 989 Perfeet

142 1028 243 1090 ierim

165 1128 234 1191 Aus
267 1126 326 1191 der
358 1125 624 1191 vorklassischen
654 1128 730 1192 Zeit
763 1125 846 1192 wird
880 1125 972 1189 diese
994 1125 1226 1191 Construction

142 1228 235 1312 gends
258 1226 443 1312 angelithrt.
486 1227 552 1291 Die
570 1227 778 1312 Entstehung
799 1230 842 1293 ist
857 1228 926 1293 also
950 1227 1150 1293 herzuleiten
1166 1250 1224 1293 aus

145 1329 350 1393 irativisehen
373 1328 616 1414 Hauptstttzen,
640 1330 701 1394 wie
724 1331 803 1394 eie.
829 1353 857 1414 p.
875 1329 959 1394 Seet.
984 1333 1014 1410 ξ.
1031 1329 1070 1393 81
1094 1351 1225 1412 quaero,

143 1467 177 1477 -
204 1428 291 1516 quod
318 1425 426 1493 faeere
453 1428 574 1511 voluit,
609 1430 784 1511 effecisset,
818 1434 845 1495 si
880 1431 915 1497 P.
944 1430 1070 1494 Sestius
1098 1431 1224 1494 occisus

142 1541 184 1595 et:
218 1532 371 1596 fuistisne
399 1530 442 1595 ad
471 1553 562 1595 arma
589 1530 689 1596 ituri?
733 1531 835 1596 Ware
867 1531 920 1596 die
944 1531 1051 1615 Frage
1074 1531 1223 1614 indireet,

146 1633 247 1696 wlirde
267 1632 395 1713 fueritis
416 1631 545 1713 stehen,
569 1632 631 1696 wie
654 1632 723 1698 dies
746 1658 774 1697 z.
797 1633 836 1697 B.
860 1632 919 1697 der
942 1631 1015 1696 Fall
1037 1633 1081 1696 ist
1103 1633 1136 1696 in
1157 1634 1223 1697 Pis.

143 1733 175 1796 14
195 1734 353 1817 ostendis,
383 1732 488 1819 qualis
511 1743 562 1815 tu,
591 1720 619 1799 si
641 1737 689 1799 ita
715 1735 799 1799 forte
827 1734 1017 1816 accidisset,
1044 1722 1151 1798 fueris
1168 1732 1224 1798 illo

142 1854 222 1919 rpore
244 1832 358 1900 consul
380 1832 521 1899 futurus.
566 1837 659 1900 Verr.
682 1835 727 1917 ΙΙ,
754 1837 769 1898 1
794 1840 823 1916 ξ.
842 1835 902 1899 108
925 1844 971 1917 ut,
995 1835 1094 1899 otiam
1117 1837 1145 1900 si
1168 1836 1222 1900 lex

142 1946 267 2017 resset,
290 1958 487 2021 magnopere
509 1939 643 2001 vitanda
665 1937 773 2000 fuerit.
818 1957 849 2020 p.
873 1935 983 2004 Plane.
1007 1937 1059 2018 20,
1074 1937 1117 2001 50
1139 1939 1167 2001 si
1190 1938 1223 2002 id

142 2058 187 2101 ere
207 2034 368 2103 voluisses
393 2075 430 2086 -
453 2058 518 2102 non
539 2039 645 2102 dubito
673 2039 752 2123 quin
775 2038 878 2102 omnis
901 2038 942 2100 ad
970 2049 1002 2101 te
1025 2060 1224 2103 conversura

142 2141 179 2204 rit
192 2139 376 2204 multitudo.
422 2138 515 2203 Eben
532 2160 568 2203 so
584 2138 667 2203 Phil.
684 2140 714 2221 9,
733 2142 747 2201 1
764 2161 823 2203 nee
839 2128 917 2203 vero
941 2139 1054 2204 dubito
1076 2143 1170 2227 quin,
1194 2141 1222 2203 si

149 2243 317 2324 potuisset,
351 2239 475 2305 reditus
499 2242 567 2304 eius
597 2249 630 2304 et
654 2240 747 2305 vobis
769 2242 870 2305 fuerit
901 2250 935 2304 et
956 2242 1034 2325 reip.
1068 2242 1222 2305 salutaris

142 2362 217 2408 urus.
254 2353 329 2428 post
351 2341 419 2406 red.
442 2343 477 2405 in
499 2363 567 2406 sen.
583 2340 652 2423 4,9
674 2340 761 2426 quod
785 2343 813 2405 si
829 2340 870 2420 Q.
887 2339 1039 2405 Metellus
1062 2341 1118 2405 illo
1141 2352 1221 2405 tom·

142 2462 161 2505 ’e
179 2443 290 2509 consul
311 2443 443 2525 fuisset,
471 2441 629 2507 dubitatis
658 2465 722 2528 quo
745 2444 853 2507 animo
880 2443 1043 2506 fuerit-
1066 2442 1220 2506 iuturus?

142 2544 247 2609 tiirlieh
270 2545 314 2608 ist
335 2543 426 2608 diese
449 2543 680 2609 Construction
701 2542 785 2607 naoh
807 2564 872 2608 uon
895 2544 1001 2609 dubito
1023 2542 1220 2628 unmoglich,

142 2665 174 2707 nn
203 2645 256 2710 die
288 2644 398 2709 daven
428 2644 613 2729 abhttngige
635 2644 864 2732 Tempusform
892 2644 1132 2730 praesentisehe
1161 2645 1221 2708 Be-

142 2755 222 2833 rtnng
243 2748 315 2828 hat,
339 2749 400 2811 wie
422 2770 453 2832 p.
470 2746 545 2811 Sost
560 2750 589 2827 ᾗ.
612 2746 654 2810 83
676 2769 715 2809 ae
738 2748 765 2810 si
788 2755 856 2810 tum
881 2747 915 2809 P.
933 2747 1059 2810 Sestius
1076 2747 1217 2810 animam

142 2843 249 2931 disset,
278 2869 344 2911 non
367 2846 481 2911 dubito
503 2845 598 2931 quin,
626 2848 653 2910 si
685 2847 782 2912 modo
805 2858 891 2912 esset
918 2848 1048 2932 in-rep.
1077 2856 1220 2931 senatus,

142 2951 284 3015 maiestas
313 2945 425 3035 populi
453 2948 493 3012 R.
523 2948 713 3029 revixisset,
743 2946 918 3034 aliquando
947 2958 1057 3012 statua
1083 2948 1158 3013 huie
1187 2951 1220 3012 in

142 3067 155 3109 o
172 3061 377 3116 statueretur.

165 3151 258 3217 Fehlt
284 3151 339 3215 bei
365 3151 487 3216 Caesar
513 3149 581 3214 und
609 3150 722 3215 seinen
744 3151 989 3235 Nachahmem,
1020 3152 1074 3217 bei
1097 3150 1221 3216 Sallust

142 3246 286 3341 lNepos.

165 3357 223 3419 Am
244 3354 431 3439 hitufigsten
452 3356 506 3421 bei
528 3355 681 3419 Livius:
705 3355 735 3437 2,
761 3357 776 3417 1
807 3376 912 3440 nequo
942 3355 1119 3438 ambigitur
1142 3356 1220 3440 quin

142 3459 197 3519 nus
226 3495 257 3504 -
281 3457 423 3541 pessimo
445 3455 576 3541 publico
598 3456 632 3520 id
655 3457 801 3520 facturus
830 3457 944 3538 fuerit,
977 3456 1005 3519 si
1039 3495 1078 3504 —
1112 3467 1219 3521 extor-

142 3566 186 3619 ret.
212 3558 242 3641 3,
258 3558 301 3622 70
315 3560 342 3621 si
359 3581 426 3621 rem
441 3558 591 3623 fortunae
606 3557 831 3638 commisisset,
854 3557 941 3621 haud
958 3559 1026 3623 seio
1043 3579 1085 3620 an
1100 3580 1219 3642 magno

142 3654 267 3724 rinento
290 3669 455 3724 certamen
478 3669 637 3724 staturum
660 3658 770 3722 fuerit.
807 3659 839 3741 4,
855 3659 897 3723 38
919 3680 979 3722 nee
999 3659 1134 3722 dubium
1150 3667 1219 3723 erat

142 3773 169 3836 11,
189 3762 271 3825 si-
295 3769 438 3845 possent,
461 3770 555 3845 terga
577 3760 685 3825 daturi
708 3759 816 3824 hostes
839 3760 971 3824 fuerint.
1010 3760 1097 3840 9,17
1121 3780 1217 3845 quae·

142 3873 154 3917 θ
171 3859 257 3943 libet,
280 3862 414 3947 quinam
437 3871 582 3943 eventuS,
606 3861 633 3923 si
649 3884 722 3925 eum
737 3860 929 3925 Alexandro
944 3861 1029 3925 foret
1052 3858 1217 3938 bellatum,

142 3975 210 4026 trus·
224 3962 334 4030 fuerit.
372 3964 401 4045 9,
419 3963 460 4027 33
483 3963 547 4044 die,
570 3961 723 4047 quidnam
746 3961 889 4025 facturus
909 3961 1020 4042 fueris,
1044 3962 1071 4024 si
1087 3983 1124 4025 eo
1139 3971 1218 4024 tem-

142 4078 158 4122 e
176 4085 289 4129 censor
309 4063 454 4128 fuisses?
491 4063 543 4145 22,
559 4064 601 4128 32
623 4061 705 4127 adeo
720 4063 831 4149 inopia
846 4073 896 4126 est
917 4070 1061 4145 coaetus,
1085 4071 1131 4143 ut,
1154 4061 1217 4125 nisi

147 4161 310 4247 timuisset,
333 4163 476 4230 Galliam
500 4165 695 4251 repetiturus
718 4164 826 4227 fuerit.
864 4163 915 4245 24,
937 4164 978 4226 26
1001 4184 1038 4225 eo
1063 4184 1160 4225 eursu
1182 4184 1217 4226 se

146 4268 280 4332 sacrario
303 4265 548 4352 proripuerunt,
572 4265 673 4348 ut,'si
696 4266 850 4350 effugium
873 4266 1032 4348 patuisset
1053 4263 1087 4325 in
1110 4261 1217 4348 publi-

142 4383 167 4449 Β,
191 4366 386 4454 impleturae
408 4367 524 4432 urbem
547 4365 688 4431 tumultu
710 4367 841 4430 fuerint.
885 4366 979 4430 Eben
1002 4386 1038 4429 so
1060 4367 1121 4428 mit
1143 4363 1216 4429 dem

142 4466 191 4535 tio.
215 4468 333 4534 futuri:
356 4468 408 4553 26,
426 4469 475 4553 10,
492 4469 522 4532 7.
548 4469 601 4551 26,
616 4468 671 4550 26,
687 4468 718 4532 l.
740 4469 790 4547 35,
810 4470 836 4548 l,
852 4468 883 4531 3.
906 4467 957 4550 41,
972 4467 1026 4551 24,
1040 4468 1071 4534 4.
1106 4466 1215 4532 Selten
