2948 4988
606 344 833 409 -731-

233 516 344 581 Caes.
367 514 399 581 b.
423 535 455 600 g.
478 514 513 598 3,
536 513 556 577 9
578 534 617 578 ac
638 516 705 579 iam
726 520 762 578 ut
788 513 966 600 („gesetzt,
995 511 1071 579 dass
1098 513 1289 596 wirklich“)

148 619 254 684 omnia
265 627 379 683 contra
389 616 574 700 opinionem
584 616 779 700 acciderent,
793 621 900 682 tumea
915 637 951 680 se
962 613 1136 702 plurimum
1147 616 1289 680 navibus

147 743 253 807 posse.
285 720 314 786 b.
335 740 363 783 c.
387 718 418 801 3,
445 719 491 781 17.

232 816 328 886 Fehlt
355 820 408 883 bei
436 818 568 884 Sallust.
606 818 692 882 Liv.
721 819 757 899 2,
786 819 827 883 38
854 828 892 883 ut
918 819 1028 884 omnia
1049 817 1288 884 obliviscamini

146 921 220 988 alia.
257 924 315 1005 21,
344 921 386 986 52
413 930 449 985 ιιι
475 918 540 984 alia
566 919 817 988 obsolevissent.
853 920 909 998 22,
937 919 979 984 25
1006 928 1043 985 ut
1075 940 1154 984 vera
1181 921 1290 985 omnia

148 1035 267 1091 essent.
296 1023 346 1101 23,
371 1023 411 1086 27
435 1031 472 1086 ut
493 1023 603 1086 omnia
624 1043 779 1108 prospere
802 1023 980 1087 evenirent.
1011 1022 1064 1103 28,
1090 1021 1173 1102 12,7
1196 1031 1233 1086 ut
1249 1056 1288 1068 -

148 1133 263 1192 tumea
309 1126 379 1189 Wie
401 1124 456 1187 bei
477 1123 609 1207 Caesar,
631 1124 715 1188 auch
735 1130 772 1189 ut
792 1125 876 1189 iam:
897 1124 949 1202 21,
971 1124 1012 1188 47
1036 1125 1159 1189 utiam
1181 1134 1289 1187 trave-

148 1227 267 1292 xerint.
298 1226 349 1307 34,
373 1226 415 1290 32
436 1234 471 1289 at
494 1225 594 1302 enim,
619 1225 741 1289 utiam
763 1227 811 1290 ita
833 1223 1015 1308 sinthaee,
1039 1225 1118 1312 quid
1140 1224 1183 1290 ad
1207 1224 1290 1291 vos?

148 1329 200 1410 42,
227 1327 267 1391 12
288 1336 325 1391 ut
346 1327 411 1390 iam
434 1324 629 1390 Macedonia
652 1325 793 1392 deficiat.
837 1326 946 1392 Dafiir
967 1329 1036 1392 iam
1057 1333 1109 1391 ut:
1130 1328 1162 1410 5,
1185 1328 1239 1410 54,
1262 1329 1290 1392 6.

149 1468 188 1479 -
212 1427 319 1493 Ovid
340 1429 426 1493 trist.
443 1431 475 1508 4,
493 1428 544 1511 10,
563 1428 624 1492 130
646 1430 792 1515 protinus
808 1440 844 1516 ut
864 1429 996 1510 moriar,
1020 1450 1084 1492 non
1107 1450 1172 1512 ero,
1194 1439 1290 1508 terra,

149 1543 233 1597 tuus.
265 1552 307 1593 ex
328 1529 424 1594 Pont.
446 1529 478 1612 3,
499 1531 536 1611 4,
556 1530 597 1593 79
618 1540 656 1593 ut
677 1529 786 1594 desint
808 1531 905 1610 vires,
928 1542 1036 1595 tamen
1059 1541 1107 1595 est
1128 1529 1293 1595 laudanda

150 1633 311 1698 voluntas.

235 1737 321 1798 Sen.
355 1754 406 1818 ep.
443 1732 519 1816 115,
555 1734 594 1797 16
626 1743 663 1797 ut
693 1732 778 1797 nihil
810 1731 875 1797 illis
908 1734 1040 1799 fortuna
1072 1733 1225 1800 detrahat
1251 1771 1292 1782 -—

152 1837 306 1901 damnum
328 1843 387 1899 est.
418 1833 528 1898 Curt.
545 1835 574 1913 7,
590 1835 619 1917 7,
639 1836 677 1899 16
694 1835 756 1899 hoc
776 1843 814 1898 ut
828 1833 970 1921 Scythae
992 1836 1113 1900 imitari
1135 1838 1292 1914 nesciant,

154 1936 318 2002 Bactriani
342 1934 513 2000 docebunt.
536 1935 571 2017 9,
601 1936 636 2017 4,
661 1938 710 2000 18.
755 1935 816 2001 Μίι
837 1940 943 2002 tamen
964 1937 1008 2000 im
1031 1936 1231 2004 Nachaatze:
1256 1939 1292 2020 7,

153 2039 180 2116 8,
205 2041 242 2101 ll
266 2060 297 2101 u.
319 2037 369 2101 21.
392 2037 422 2118 9,
437 2037 468 2119 3,
488 2036 537 2102 12.
567 2037 664 2102 Auch
685 2043 721 2102 ut
741 2040 825 2103 iam:
847 2038 924 2121 5,8,
949 2039 997 2103 12.
1021 2038 1052 2120 9,
1076 2039 1105 2118 6,
1129 2039 1157 2107 6.
1188 2038 1295 2103 Dafdr

153 2138 287 2216 wieder,
310 2140 373 2202 wie
395 2138 519 2203 Caesar
540 2138 607 2203 und
628 2139 762 2218 Livius,
784 2142 851 2205 iam
872 2144 925 2203 ut:
953 2140 988 2218 3,
1011 2141 1047 2221 5,
1071 2140 1089 2202 7
1114 2139 1189 2223 (wie
1210 2140 1294 2207 auch

154 2242 257 2307 Flor.
280 2240 309 2317 3,
335 2242 362 2324 1,
387 2240 453 2325 18).
1099 2258 1102 2263 ·

235 2342 326 2409 Tac
349 2341 381 2405 d.
406 2342 485 2405 9ut
506 2378 547 2389 -
570 2352 794 2428 prosequatur.
818 2342 944 2419 ann.4,
964 2341 1006 2406 33
1028 2351 1128 2428 utque
1150 2341 1295 2408 familiae

154 2444 242 2530 ipsae
264 2444 329 2507 iam
352 2444 518 2507 extinctae
540 2443 617 2511 sint.
645 2443 689 2508 40
710 2464 771 2527 ego
794 2451 829 2507 ut
852 2445 966 2508 sinam.
1003 2442 1109 2530 (Aber
1124 2443 1221 2509 Setae
1236 2447 1296 2509 mit

156 2547 229 2611 ira
221 2568 266 2609 rm
291 2543 485 2626 Nachsatze,
507 2543 622 2608 wieh.
645 2544 676 2624 2,
699 2545 752 2626 37,
776 2544 848 2609 sind
872 2542 1103 2632 Modalsatze.)
1133 2544 1183 2610 Im
1199 2546 1294 2632 Spat-

156 2646 253 2712 latein
276 2644 464 2712 allmahlieh
485 2645 766 2711 verschwindend.

237 2769 265 2812 c.
288 2747 353 2813 Die
381 2749 591 2813 verneinte
619 2749 717 2812 Form
745 2747 853 2812 dieser
879 2748 1184 2834 Bedingungssatae
1212 2749 1296 2813 wird

160 2849 359 2934 gewohnlich
382 2850 441 2915 mit
462 2856 498 2915 ut
518 2871 597 2934 noa,
625 2851 729 2915 selten
752 2851 811 2914 mit
831 2871 871 2915 ne
897 2849 1054 2934 gebildet.
1098 2850 1176 2916 Cic.
1203 2850 1295 2915 Verr.

161 2952 186 3028 5,
208 2952 249 3016 70
270 2960 308 3015 ιιι
323 2973 384 3036 ego
398 2975 464 3017 non
479 2952 594 3034 dicam,
617 2952 690 3038 quis
706 2952 849 3016 omnium
863 2953 1049 3018 mortalium
1065 2974 1128 3016 non
1144 2952 1298 3037 intelligit

162 3061 212 3117 ιιι.
243 3052 327 3118 Phil.
353 3053 407 3137 12,
430 3055 450 3118 3
473 3064 594 3118 utnon
616 3052 738 3118 referat
759 3054 889 3140 pedem,
918 3055 1049 3118 insistet
1070 3062 1168 3119 certe.
1199 3056 1253 3119 fin.
1277 3055 1297 3118 2

164 3155 191 3232 8.
212 3156 250 3219 71
275 3164 427 3242 certeque
444 3155 544 3219 malet
566 3156 747 3220 existimari
770 3156 873 3219 bonus
896 3156 958 3233 vir,
981 3165 1104 3220 utnon
1127 3156 1178 3233 sit,
1202 3178 1298 3243 quum
1329 3143 1334 3151 ’

165 3273 242 3340 osae,
269 3267 307 3322 ut
336 3280 401 3322 non
430 3267 570 3344 putetur.
605 3257 702 3322 Tusa.
734 3259 748 3320 l
778 3261 809 3338 §-
834 3256 874 3320 16
901 3266 937 3320 ιιι
966 3258 1050 3321 enim
1079 3278 1144 3323 non
1173 3258 1297 3322 efficias

166 3359 242 3440 quod
265 3359 326 3441 vis,
348 3363 454 3424 tumen
474 3381 563 3424 mors
585 3368 622 3423 ut
644 3357 764 3423 malum
779 3379 844 3421 non
860 3359 902 3422 sit
918 3359 1051 3423 efficies.
1074 3364 1104 3441 §-
1120 3359 1171 3423 23.
1191 3348 1298 3424 Pom·

165 3459 270 3540 peius
294 3460 347 3525 bei
370 3460 438 3526 Cic.
462 3461 504 3525 ad
528 3462 597 3525 Att.
623 3462 660 3542 8,
682 3462 717 3545 6,
740 3461 761 3523 2
783 3480 887 3543 nunc,
917 3469 953 3524 ut
976 3482 1036 3545 ego
1058 3482 1124 3525 non
1146 3463 1298 3544 scribam,

165 3567 216 3626 tna
240 3573 359 3650 sponte
385 3572 418 3626 te
445 3561 628 3647 intelligere
656 3564 733 3628 scio.
782 3561 943 3626 Derselbe
966 3562 1000 3645 8,
1026 3562 1065 3625 12
1087 3584 1105 3627 c
1129 3565 1144 3626 1
1175 3571 1211 3627 ut
1232 3586 1298 3628 non

165 3675 288 3747 pugnet,
311 3664 369 3728 sed
392 3661 473 3728 locis
497 3665 565 3728 suis
588 3673 757 3751 repugnet,
782 3662 939 3727 haerebis.
971 3663 1080 3728 Caes.
1104 3664 1135 3732 b.
1160 3686 1187 3727 c.
1210 3665 1297 3744 3,17

163 3765 295 3830 ethaeo
317 3787 381 3829 non
404 3767 656 3830 remitterentur.
689 3765 775 3830 Liv.
798 3766 828 3848 5,
844 3765 931 3844 53,2
952 3775 990 3830 ut
1012 3786 1072 3848 ego
1095 3787 1157 3829 non
1181 3763 1298 3849 dicam,

162 3876 316 3952 flpparere
345 3867 439 3932 vobis
468 3877 546 3954 puto
575 3869 652 3953 (wie
679 3866 761 3931 oben
791 3865 858 3930 Cic.
891 3866 985 3930 Verr.
1014 3867 1051 3948 5,
1080 3866 1145 3951 70).
1179 3866 1234 3944 38,
1263 3868 1296 3931 17

163 3956 304 4052 (Gallos)
336 3966 401 4050 sol,
431 3966 555 4056 pulvis,
584 3969 675 4052 sitis,
704 3978 740 4033 ut
767 3969 889 4032 ferrum
917 3989 982 4031 non
1010 3968 1204 4049 admoveas,
1227 3989 1299 4053 pro-

162 4068 317 4136 sternunt.
362 4070 418 4149 38,
452 4071 493 4135 46
526 4081 563 4135 ut
596 4092 661 4135 non
695 4067 762 4134 tela
797 4070 966 4134 mitterent
1000 4107 1037 4117 —-
1071 4071 1209 4134 obruere
1241 4091 1299 4133 nos

165 4177 347 4244 Potuerunt.
380 4171 490 4236 Lact.
507 4173 537 4250 3,
556 4172 606 4254 13,
623 4173 643 4236 9
666 4182 701 4236 ut
723 4194 786 4236 non
810 4171 924 4237 dicam.
958 4171 1119 4235 Dasselbe
1134 4171 1211 4257 opif.
1226 4171 1256 4253 3,
1267 4171 1299 4236 4.

244 4273 390 4340 Seltener
419 4272 506 4338 steht
533 4295 572 4339 ne
598 4274 663 4337 und
697 4272 783 4336 wohl
815 4274 906 4338 nic'ht
938 4295 998 4337 vor
1026 4271 1184 4337 Cicero:
1219 4282 1301 4337 orat.

165 4361 193 4441 8·
224 4376 279 4440 101
307 4396 401 4440 nemo
428 4377 474 4456 is,
502 4377 643 4460 inquies,
673 4396 816 4459 unquam
839 4376 912 4439 suit.
945 4373 995 4437 Ne
1022 4372 1131 4438 fuerit.
1166 4372 1301 4439 acad.2

166 4463 197 4543 8·
218 4476 256 4541 84
276 4499 376 4563 negas
405 4487 529 4542 tantam
559 4476 803 4541 similitudinem
827 4477 862 4538 in
884 4497 990 4538 rerum
1018 4487 1135 4541 natura
1157 4496 1228 4539 esse
1250 4513 1301 4538 -.

1093 4577 1148 4632 47*
