2948 4988
600 329 832 392 -rn-

223 500 255 577 ξ.
277 495 350 560 558.
388 476 475 560 Dess
507 519 573 562 von
603 495 676 561 dem
705 497 852 561 Partis.
885 496 956 561 fut.
990 496 1117 562 activi
1147 497 1199 561 ein
1225 499 1287 562 Be·

142 597 380 682 dingungssatz
409 599 470 662 mit
490 600 536 680 si,
559 599 596 662 oi
618 599 696 662 oder
723 600 789 663 nisi
811 597 972 682 abhttngt,
1004 598 1206 664 beobechten
1229 601 1289 664 wir

142 709 205 762 erst
234 698 296 763 seit
317 698 401 762 Liv.
425 700 455 780 3,
480 701 532 783 60,
556 700 576 763 8
603 697 726 763 vellum
755 699 945 780 invasurus,
973 701 1007 762 ni
1034 702 1129 785 eopia
1156 724 1287 787 pugnae

142 800 239 865 fieret.
285 802 314 880 8,
341 801 389 881 17,
415 801 455 864 10
477 803 637 865 incertum
660 823 725 886 qua
747 800 812 864 fide
835 801 1001 882 culturus,
1029 803 1056 866 si
1078 803 1213 889 perinde
1237 825 1285 867 ce-

142 916 208 966 tera
231 901 477 986 processissent.
514 902 550 979 9,
567 902 657 980 29,4
679 903 848 988 quieturus
871 903 959 968 haud
983 903 1091 994 dubie,
1114 905 1178 967 nisi
1200 904 1286 971 ultro

142 1025 229 1067 erma
252 1003 382 1066 Etrusci
406 1004 572 1067 inferrent.
617 1005 668 1081 22,
695 1006 743 1081 12,
766 1004 787 1067 2
809 1004 897 1069 nullo
921 1005 1010 1088 loeo,
1039 1005 1102 1069 nisi
1128 1016 1284 1092 quantum

142 1105 318 1167 necessitas
341 1114 483 1189 cogeret,
506 1104 655 1169 fortunae
678 1128 713 1169 se
735 1106 978 1171 commissurus.
1023 1107 1098 1171 Und
1122 1109 1216 1172 iifter.

224 1208 284 1271 Bei
306 1206 416 1293 Nepos
438 1206 523 1270 fehlt
545 1207 633 1271 diese
656 1206 904 1285 Construction,
933 1209 980 1275 ist
998 1207 1078 1273 eber
1104 1209 1216 1293 hiufig
1238 1210 1282 1273 im

142 1308 303 1373 silbernen
327 1309 456 1372 Latein:
486 1309 568 1372 val.
591 1309 690 1372 Max.
715 1310 743 1386 7,
767 1310 803 1390 5,
826 1312 847 1374 5
873 1311 900 1374 si
924 1311 996 1395 quis
1027 1349 1064 1388 :-
1096 1332 1284 1396 repraesen-

142 1421 258 1491 tasset,
290 1403 533 1494 impetraturus.
580 1410 671 1474 Aber
703 1411 793 1475 nicht
823 1404 874 1474 bei
903 1409 1058 1497 Vellejus.
1109 1413 1180 1476 Aus
1209 1411 1284 1477 dem

142 1513 296 1597 jungeren
321 1513 472 1574 Seneca
494 1511 585 1595 gicht
608 1511 644 1574 E.
673 1511 882 1597 00110823
906 1510 1102 1595 Folgendes:
1127 1513 1168 1577 de
1190 1512 1239 1577 ire
1254 1513 1283 1591 3,

143 1613 187 1690 16,
210 1615 231 1678 3
255 1611 396 1677 crudelis
419 1612 559 1691 futurus,
583 1613 610 1676 si
634 1635 744 1677 ornnes
768 1614 971 1678 abduxisset.
1009 1613 1050 1683 sd
1074 1615 1174 1679 Marc.
1195 1615 1284 1693 24,2

142 1715 308 1799 aequaturi
323 1735 429 1790 avum,
453 1715 526 1778 nisi.
560 1715 648 1798 26,2
671 1713 877 1779 felicissimos
894 1713 1031 1794 futuros,
1054 1716 1093 1779 si.
1127 1717 1170 1780 ad
1187 1715 1283 1781 Helv.

143 1815 189 1896 10,
213 1816 233 1879 3
257 1814 348 1880 velut
369 1816 403 1878 in
431 1814 546 1879 ultima
574 1816 660 1880 fame
683 1817 845 1894 victurus,
874 1817 958 1880 siin
981 1819 1132 1898 sestertio
1161 1821 1282 1883 centies

142 1903 1281 2006 vmmcnnissnnpnssuust.msc

144 2018 188 2100 19,
212 2018 243 2081 9.
267 2018 319 2096 95,
342 2019 395 2082 53.
421 2019 492 2098 104,
515 2019 566 2082 21.
611 2019 706 2084 Auch
730 2019 783 2083 bei
805 2018 973 2085 Curtius
997 2021 1087 2085 nieht
1110 2021 1230 2086 seiten:
1253 2023 1286 2104 5,·

142 2119 223 2196 10,4
245 2122 427 2205 repetituri,
450 2122 531 2183 01-
547 2119 747 2204 contigisset.
784 2123 814 2201 ἓ.
831 2122 851 2185 6
866 2122 894 2184 si
911 2159 951 2168 —
967 2135 1161 2208 aspernatus
1185 2132 1282 2204 esset,

142 2223 278 2285 occisuri
296 2221 450 2286 Dareum.
488 2221 563 2300 8,2,
581 2222 620 2283 12
643 2222 850 2307 prohibituri,
874 2224 908 2285 ni
925 2225 1132 2287 -iussisset
1171 2225 1200 2305 8,
1216 2224 1284 2302 3,4

142 2343 353 2404 percussurus
372 2346 516 2407 uxorem,
539 2324 602 2386 nisi
619 2324 802 2408 prohibitus
819 2335 914 2388 esset.
953 2327 983 2404 ξ.
1003 2325 1158 2388 litantis
1174 2324 1282 2403 rebus,

142 2425 164 2487 ri
180 2426 333 2507 vixisset,
348 2425 527 2490 iniecturus
542 2446 677 2489 moram.
712 2427 741 2509 8,
758 2429 787 2506 7,
805 2427 822 2490 7
838 2432 1051 2512 percussurus
1068 2425 1155 2490 haud
1173 2427 1282 2507 dubie,

142 2528 169 2590 ii
193 2527 355 2591 inhibitus
379 2538 465 2591 esset
487 2549 615 2610 stege.
660 2527 748 2591 Tac.
772 2527 803 2596 h.
826 2529 862 2610 3,
890 2529 927 2592 19
949 2530 1076 2612 rupturi
1099 2528 1282 2616 imperium,

142 2629 167 2692 ri
191 2628 365 2693 ducantur.
402 2630 454 2693 56.
489 2629 522 2710 4,
544 2629 597 2693 39.
635 2650 710 2693 ann.
736 2632 763 2712 1,
787 2631 829 2694 36
852 2631 879 2693 si
903 2632 1106 2694 omitteretur
1132 2668 1169 2674 -—
1191 2631 1282 2693 inva-

142 2753 246 2796 surus.
290 2731 321 2812 2,
348 2732 385 2794 17
409 2722 575 2817 rupturus,
599 2733 641 2794 ni.
689 2733 794 2796 Suet.
817 2731 881 2794 Tit.
908 2731 956 2795 10.
995 2732 1095 2797 Just.
1121 2734 1174 2810 11,,
1198 2733 1229 2809 3,
1251 2732 1282 2794 6.

142 2832 243 2897 iior.
259 2832 292 2910 4,
306 2833 337 2914 2,
353 2833 422 2907 57,
439 2834 591 2918 Eutrop
609 2835 635 2916 l,
653 2833 698 2896 15.
715 2833 746 2915 6,
759 2834 811 2897 21.
831 2833 879 2915 10,
895 2834 943 2896 16.
972 2834 1101 2918 Spart.
1115 2832 1217 2896 Hadr.
1234 2835 1282 2896 ll.

222 2938 252 3015 ξ.
275 2934 347 2997 559.
386 2934 435 2997 Iru
460 2933 681 3016 Hauptsatze,
705 2934 764 2997 der
787 2934 996 3018 voraufgeht‚
1027 2935 1115 2999 steht
1136 2937 1183 2999 ua
1206 2934 1284 2997 oder

142 3039 177 3100 *ic
207 3045 332 3116 „unter
360 3036 420 3098 der
447 3036 681 3121 Bedingung“,
710 3034 924 3116 woruu12der
952 3035 1138 3099 Nebensatz
1167 3038 1227 3099 mit
1255 3036 1283 3100 si

142 3136 235 3221 'olgt;
259 3159 295 3200 so
318 3151 426 3201 zuerst
449 3137 527 3201 uie.
552 3161 583 3225 p.
607 3138 674 3201 Mil.
699 3141 728 3218 ξ.
752 3138 793 3202 79
814 3138 840 3201 si
864 3137 985 3224 possim
1010 3137 1141 3201 efficere
1163 3147 1199 3201 ut
1221 3136 1282 3200 Mi·

142 3261 242 3303 onem
265 3237 460 3322 absolvatis,
494 3239 551 3302 sed
575 3240 634 3317 ita,
665 3240 692 3303 si
715 3239 751 3303 P.
776 3240 914 3304 Clodius
935 3240 1103 3303 revixerit.
1147 3239 1285 3306 acad.2

142 3343 164 3420 ξ.
193 3340 233 3403 19
256 3342 301 3403 itu
324 3350 375 3404 est
397 3341 539 3405 maximo
560 3343 593 3405 in
616 3342 766 3406 sensibus
790 3345 929 3422 veritas,
954 3342 992 3405 si.
1036 3365 1066 3404 n.
1092 3341 1121 3405 d.
1149 3344 1182 3423 1,
1206 3341 1241 3418 2,
1264 3342 1284 3405 3

142 3463 215 3506 iaso
238 3441 413 3506 tribuenda
435 3441 569 3509 deorum
593 3445 717 3506 numini
740 3445 787 3507 ita
809 3454 901 3525 sunt,
926 3443 952 3506 si
974 3442 1281 3529 animadvertuntur

142 3544 175 3608 rb
199 3545 252 3607 iis.
290 3543 331 3606 de
355 3566 421 3608 sen.
445 3546 481 3607 11
507 3547 552 3608 ita
575 3547 661 3609 enim
685 3556 835 3610 senectus
859 3544 995 3609 honesta
1017 3554 1078 3626 est,
1102 3547 1130 3609 si
1153 3547 1281 3630 seipsa

142 3643 293 3709 isfendit.
338 3644 389 3712 off.
417 3647 448 3727 1,
472 3646 506 3725 9,
530 3647 570 3711 28
598 3648 644 3710 ita
672 3649 793 3711 iustum
822 3657 885 3727 est,
915 3649 943 3710 si
972 3658 1023 3713 est
1050 3646 1278 3711 voluntarium.

142 3748 202 3813 hu.
218 3747 249 3824 4,
266 3747 295 3826 8,
309 3748 374 3828 a,2
396 3745 524 3824 sedita,
541 3750 624 3813 bene
640 3749 668 3813 si
684 3771 750 3812 reni
767 3759 894 3834 gerunt.
933 3750 981 3827 13,
1000 3751 1047 3824 12,
1064 3749 1085 3812 3
1100 3749 1146 3811 its
1161 3758 1280 3827 tamen,

142 3851 161 3912 ri
185 3859 222 3912 tu
244 3849 306 3912 hoc
329 3849 478 3934 probas„
498 3850 560 3913 Ein
583 3849 650 3913 Mul
673 3852 708 3914 in
730 3850 1017 3935 umgckehrter
1039 3849 1278 3934 Satzstellung:

142 3973 164 4035 1.
189 3950 286 4015 Caso.
310 3955 339 4031 ἓ.
364 3951 406 4015 82
433 3973 538 4037 neque
565 3952 650 4016 enim
679 3962 825 4035 praetor,
854 3955 881 4016 si
910 3975 951 4017 ex
979 3952 1146 4016 eo1fundo
1175 3973 1278 4015 essem

142 4053 297 4133 reiectus,
320 4054 369 4117 its
392 4075 442 4115 me
464 4055 593 4117 restitui
616 4054 723 4118 iussit.

219 4152 317 4248 Penii
340 4154 394 4218 bei
417 4154 540 4219 Caesar
562 4155 628 4219 und
652 4155 784 4220 Sallust.

218 4255 308 4319 stau
329 4258 376 4320 ua
398 4256 499 4320 findet
526 4257 595 4321 sich
618 4257 700 4322 auch
722 4259 768 4322 sie
789 4258 852 4320 seit
875 4255 966 4320 Hor.
990 4279 1040 4340 ep.
1068 4258 1094 4335 l,
1118 4258 1147 4335 7,
1167 4253 1209 4319 69
1231 4257 1278 4320 sic

144 4356 302 4442 gnevisse
324 4368 447 4443 putato,
473 4360 500 4422 si
524 4382 621 4423 oenas
644 4359 741 4424 hodie
763 4382 898 4424 mecum.
940 4358 1081 4422 Livius
1104 4357 1160 4421 hat
1183 4357 1279 4422 beide

142 4458 299 4551 Formenp
322 4460 381 4524 mit
403 4462 466 4542 itu,
488 4461 534 4524 si:
563 4463 594 4544 3,
617 4463 670 4543 45,
701 4463 730 4525 2.
755 4463 792 4543 3,
815 4462 866 4540 63,
893 4461 931 4524 10
952 4461 1000 4524 ita
1022 4460 1153 4524 demum
1176 4496 1214 4506 —
1239 4461 1278 4523 si.
