2948 4988
565 357 599 366 --
645 318 708 383 243
750 312 791 366 ‘-

190 489 328 554 δαπάνα
353 492 390 553 ul
417 508 484 552 wer
516 487 635 573 gewiss
671 487 746 552 sehr
773 486 1020 573 gebrauchlich,
1050 488 1152 553 findet
1179 487 1248 552 sich

109 589 186 655 aber
204 591 249 665 „in
277 610 417 655 unseren
441 587 581 670 Quellen
608 586 700 652 nieht
726 589 792 654 oft:
831 589 908 654 cic.
931 589 1000 654 har.
1023 612 1109 675 resp.
1136 590 1184 666 14,
1207 592 1249 653 32

109 691 270 755 communi
301 691 373 755 iure
404 691 550 777 gentium
578 700 726 755 sanctum
754 700 804 756 est
832 701 870 756 ut
901 729 937 740 -
966 692 1105 777 possint.
1150 690 1249 755 fin.2

110 794 134 870 ξ.
150 792 210 855 101
235 812 358 878 quaero
375 801 495 877 entem,
517 792 596 878 quid
619 792 662 856 sit
684 792 772 878 quod
795 830 833 840 -
857 800 924 856 tam
946 803 1098 858 accurate
1119 802 1248 877 tamque

111 891 284 978 diligenter
315 904 432 959 caveat
464 903 498 958 et
530 893 658 958 sanciat
684 902 721 958 ut
749 930 785 939 —
819 893 908 958 dent.
953 894 1067 960 Oelter
1095 893 1180 979 folgt
1200 915 1248 976 ne,

114 995 182 1059 sehr
205 993 308 1059 selten
330 994 755 1060 Infinitiveonstruetionen.

190 1095 373 1162 Consentire
393 1102 455 1161 ud:¹
473 1095 559 1160 Liv.
584 1098 612 1174 1,
634 1097 687 1179 32,
713 1097 759 1161 13.
791 1098 843 1178 30,
866 1097 919 1180 24,
945 1099 992 1161 11.
1038 1097 1129 1162 Aber
1158 1095 1249 1160 niclrt

110 1199 137 1279 4,
159 1199 192 1280 6,
214 1199 237 1262 3
258 1198 371 1286 (jelztr
393 1198 608 1282 concessere).

190 1299 383 1384 Gompirure
404 1301 464 1364 mit
484 1304 520 1364 ul
540 1320 603 1363 nur
618 1299 723 1380 Suesst.
738 1299 805 1365 Jul.
822 1301 843 1364 9
862 1303 953 1365 venit
975 1303 1009 1365 in
1032 1302 1247 1387 suspicionem

98 1401 313 1489 conspirasse
338 1409 443 1466 ut-
470 1400 632 1487 principio
660 1403 736 1466 anni
758 1414 906 1469 senatum
927 1403 1143 1467 adorirentur.
1186 1401 1249 1465 Mil

93 1502 181 1565 dem
197 1501 361 1567 Infinitiv:
385 1501 502 1567 Claud.
515 1501 555 1567 37
579 1524 676 1588 quem
691 1524 765 1568 eum
783 1542 820 1552 —
838 1506 1081 1590 conspirassent
1101 1502 1248 1591 perdere.

192 1604 336 1687 L'opr'ture
367 1608 404 1669 tel
436 1602 726 1688 „beabsiehtigen“
750 1604 828 1670 Cic.
852 1605 950 1670 Tuse.
977 1608 1005 1688 1,
1032 1608 1070 1670 15
1101 1604 1178 1692 quid
1207 1642 1248 1651 -

77 1706 194 1770 viros
215 1704 259 1768 ob
279 1727 382 1792 remp.
406 1703 596 1770 interlectos
618 1707 781 1790 cogitasse
802 1706 1021 1772 arbitramur?
1053 1706 1197 1771 isdemne
1212 1715 1248 1769 ut

70 1805 227 1871 finibus
256 1827 372 1871 nomen
402 1828 497 1871 sunm
524 1805 642 1892 quibus
670 1807 742 1872 vita
770 1809 1024 1873 terminaretur?
1053 1806 1249 1891 („begriinzt

66 1906 238 1971 werden
270 1907 445 1990 sollte“.)
489 1907 601 1972 Caes.
625 1907 657 1972 b.
681 1930 712 1993 g.
738 1911 768 1991 7,
796 1909 839 1974 59
871 1920 908 1975 ut
937 1910 1122 1974 incolumen
1155 1929 1246 1972 exer·

60 2007 206 2071 eitum
225 2008 404 2087 reduceret,
419 2007 593 2093 cogitabat
628 2009 704 2089 (Mil
724 2032 781 2076 ne:
802 2011 917 2095 5‚5‘l.)
951 2011 1084 2097 Nepos
1103 2010 1153 2091 10,
1170 2010 1199 2090 9,
1215 2011 1244 2075 2.

59 2108 114 2170 t)
130 2108 280 2193 apitol.
304 2108 405 2176 Gord.
427 2110 479 2175 32.
522 2110 616 2174 Aber
641 2134 683 2176 zu
704 2110 791 2177 allen
813 2113 929 2178 Zeiten
958 2135 1024 2177 war
1054 2112 1112 2177 der
1142 2109 1247 2176 blosse

59 2205 202 2274 [utin.
225 2211 496 2296 gebrauchlieher
524 2210 592 2276 und
619 2210 663 2274 im
687 2212 846 2278 Altlatein
872 2213 971 2279 allein
1001 2205 1244 2299 gebrauehlieh.

60 2304 162 2371 Μ
157 2313 265 2378 4401ιῆ
285 2313 343 2379 hat
362 2318 400 2378 ul
420 2312 565 2378 niemals.
1062 2340 1069 2352 ·

200 2413 309 2480 Wsum
328 2419 373 2480 est
393 2437 453 2497 „es
468 2415 559 2479 ward
575 2415 809 2483 beschlessen“
831 2416 933 2482 findet
954 2417 1023 2482 sich
1046 2416 1122 2482 sehr
1143 2414 1245 2481 selten

63 2510 174 2576 luit
190 2521 237 2580 al:
264 2514 349 2585 Ter.
368 2515 496 2581 Phorm.
515 2517 547 2599 4,
570 2520 601 2600 3,
628 2518 667 2583 14
688 2518 795 2584 visum
819 2528 869 2584 est
890 2520 933 2583 mi
957 2528 994 2583 ut
1016 2520 1086 2583 eius
1109 2528 1245 2604 tempta·

68 2624 180 2676 ren
202 2618 406 2687 sententiam.
451 2618 654 2710 Ausserdem
679 2641 741 2684 nur
763 2618 1004 2704 Quadrigas.
1029 2643 1082 2706 ap.
1106 2617 1190 2683 Geli.
1213 2620 1244 2699 3,

73 2703 127 2784 3»
169 2715 305 2783 dvisum
328 2727 378 2783 est
399 2720 448 2784 uli
471 2728 504 2785 te
526 2722 656 2785 salvum
679 2722 825 2786 velimus.
871 2720 948 2787 Und
975 2721 1083 2806 gleich
1111 2722 1243 2785 darauf:

78 2814 134 2869 et
174 2817 257 2884 simul
284 2820 393 2885 visum
422 2831 472 2886 est
497 2831 534 2887 ut
555 2831 588 2887 te
610 2823 781 2887 certiorem
805 2823 995 2889 laceremus.
1039 2824 1155 2889 Cicero
1178 2821 1243 2886 und

83 2912 224 2986 andere
244 2930 356 2987 setzen
378 2920 475 2987 daflir
497 2922 560 2988 den
576 2923 736 2989 Infinitiv.
771 2923 881 2990 Ueber
903 2927 1006 2992 eodm
1025 2931 1060 2992 ut
1082 2927 1245 3009 „sorgen“

11 3070 13 3077 -
91 3023 131 3070 ⁸·
168 3021 191 3098 §-
207 3023 278 3089 401.

193 3125 220 3204 ᾖ.
239 3125 315 3189 392.
359 3126 411 3190 Zu
444 3124 508 3190 den
530 3126 652 3192 Verbis
680 3128 950 3212 ‚,besebliessen“
983 3130 1129 3213 gehliren
1161 3129 1244 3193 anch

106 3203 174 3318 [lle
189 3227 239 3290 mil
258 3227 399 3312 animas,
424 3249 511 3295 mette
531 3228 601 3294 und
622 3231 788 3295 mansilium
808 3231 995 3315 gebildetcn
1012 3232 1168 3310 Phrasen,
1192 3230 1245 3295 die

11 3398 19 3409 .
113 3326 153 3421 Ψ
173 3321 219 3390 der
237 3325 450 3394 archaischen
473 3330 655 3397 Litteratur
680 3331 781 3396 sellen
809 3332 898 3396 sind:
934 3332 1032 3398 Cato
1055 3355 1081 3397 r.
1104 3355 1130 3396 r.
1157 3335 1173 3396 1
1198 3332 1245 3397 sie

18 3478 26 3485 .
119 3428 271 3523 &emmo
299 3430 409 3497 leudem
438 3431 485 3496 uli
513 3453 556 3496 ne
582 3432 700 3520 cupide
722 3443 846 3511 4111ερν
866 3433 993 3499 Plaut.
1017 3433 1137 3499 Bacch.
1164 3434 1245 3498 1180

11 3565 16 3619 ;
127 3522 230 3595 tl‘lares
254 3534 415 3614 animum,
444 3533 524 3598 llaec
550 3544 587 3600 ut
616 3536 662 3599 eis
690 3533 811 3600 delicta
837 3537 998 3621 ignoscas.
1045 3535 1145 3601 Stich.
1169 3536 1243 3599 340.

12 3666 49 3721 ,ε
130 3608 205 3697 Pom·
224 3632 254 3715 4,
276 3633 308 3717 2,
331 3634 384 3698 55.
429 3633 605 3701 Mil.1358
632 3639 716 3702 omit
744 3637 824 3701 mihi
851 3641 888 3703 iu
915 3644 1047 3704 merrtem
1075 3648 1112 3702 ut
1139 3659 1244 3701 mores

12 3776 43 3821 ὁ
137 3731 249 3798 ineundi
264 3735 359 3801 sient.
394 3734 513 3801 Bacch.
532 3737 594 3802 130
614 3760 714 3802 unum
734 3741 772 3804 iu
793 3746 921 3806 monloel
943 3740 1023 3804 mihi
1044 3762 1140 3823 nune,
1164 3739 1243 3802 satis

29 3850 50 3905 ξ·
138 3831 163 3887 ll
175 3836 326 3902 commode
349 3873 388 3886 —
412 3837 493 3903 haee
509 3851 670 3906 concuret.
704 3840 798 3906 Cure.
814 3842 845 3924 4,
860 3843 892 3924 4,
908 3843 936 3905 2.
973 3840 1244 3906 BeiKlasrikern

24 3952 48 4000 ζ
138 3919 272 4003 ludoich
305 3961 369 4004 nur
401 3941 529 4026 wenige
561 3940 670 4006 solebe
703 3942 846 4010 Stellen:
886 3945 964 4009 Cic.
988 3944 1081 4008 Rose.
1104 3946 1177 4009 Am.
1206 3944 1244 4006 19

17 4042 26 4090 .·
66 4108 69 4117 Ι
137 4029 245 4103 ¹nitrum
283 4040 440 4106 inducere
475 4052 513 4108 ut
548 4053 698 4109 naturam
733 4046 839 4130 ipsam
877 4046 1033 4109 vinceret.
1079 4067 1111 4130 p.
1146 4043 1242 4110 Font.

136 4128 156 4207 l·
168 4133 197 4200 19
213 4141 259 4228 (9)
280 4142 325 4207 Μ.
350 4141 487 4208 Fonteio
509 4167 574 4211 uon
596 4147 631 4209 in
654 4144 764 4212 Gallia
785 4148 925 4234 primum
949 4148 1079 4210 venisse
1101 4147 1134 4209 in
1158 4167 1243 4209 men·

12 4238 24 4273 ²'
58 4246 64 4301 .'
132 4238 178 4298 lem
194 4251 226 4309 ul
245 4245 425 4331 portorium
447 4247 516 4311 vini
538 4247 736 4313 institueret.
782 4248 880 4315 Sonst
908 4257 993 4313 setzt
1015 4249 1129 4313 Cicero
1160 4247 1243 4311 nach

128 4333 214 4409 diesen
233 4345 381 4411 Phrasen
404 4345 467 4411 den
489 4345 648 4414 Infinitiv.
672 4387 710 4397 —-
734 4350 820 4416 Liv.
843 4352 874 4430 2,
897 4353 917 4417 5
938 4351 1099 4416 inclusum
1120 4351 1154 4413 in
1176 4351 1244 4413 ani·

124 4459 195 4508 mum
213 4455 248 4512 ut
267 4485 309 4496 -
331 4447 518 4536 proderent.
555 4450 586 4533 8,
606 4451 627 4515 ὅ
649 4472 749 4536 regno
771 4453 941 4539 impotenti
964 4453 1062 4518 finem
1082 4463 1119 4518 ut
1140 4451 1242 4539 impe·
