2948 4988
501 307 729 370 -231-

142 484 281 560 mgssata
303 475 357 538 ist.
401 473 515 542 Lucr.
541 474 647 554 1,193
670 474 733 537 huc
756 476 882 539 accedit
903 476 951 540 uti
972 513 1009 523 —
1032 484 1184 561 nequeat.

152 576 250 641 Rosc.
274 583 343 641 Am.
366 577 416 654 31,
438 576 479 640 86
510 575 613 661 quid?
650 579 677 640 si
710 576 838 641 accedit
870 577 984 641 eudem
1012 586 1050 642 ut
1077 579 1185 643 tenuis

145 677 274 743 fueris?
307 676 404 764 quid,
435 678 464 740 si
491 687 528 742 ut
550 675 695 741 avarus?
728 686 784 742 ctt.
828 677 923 743 Verr.
947 678 1033 760 2,12
1055 678 1084 743 si
1106 701 1184 745 vero

155 801 285 868 quoque
317 777 443 844 accedit
469 788 505 843 ut
533 779 567 843 in
596 801 634 843 ea
662 780 766 846 verba
787 791 919 867 praetor
940 779 1098 845 iudicium
1121 780 1185 846 det.

141 879 196 946 lbo
210 880 262 961 28,
278 880 320 945 65
341 879 478 944 accedat
499 882 596 944 etiam
618 880 700 945 illud
722 890 760 946 ut
781 883 933 946 statuatis
956 891 1011 951 ctt.
1050 905 1081 969 p.
1100 884 1184 949 Mur.

142 981 236 1047 cedit
263 981 376 1047 eodem
405 991 441 1046 ut
471 982 570 1046 ctiam
598 984 669 1069 ipse
698 981 893 1047 candidatus
914 992 1018 1048 totum
1040 985 1183 1049 animum

162 1085 321 1169 petitione
342 1105 409 1149 non
431 1084 536 1170 possit
557 1106 686 1170 ponere.
723 1108 754 1172 p.
777 1082 887 1172 Dejot.
912 1084 978 1168 1,2
1000 1086 1127 1151 accedit
1148 1097 1186 1152 ut

145 1185 292 1250 nturber.
337 1183 420 1249 Phil.
443 1185 474 1266 2,
492 1185 542 1265 25,
558 1184 601 1250 62
628 1186 766 1250 accessit
787 1195 825 1250 ut
848 1223 886 1235 -
916 1187 1074 1271 magister
1095 1190 1183 1273 equi·

142 1288 394 1353 mustitueretur.
432 1286 532 1351 Tusc.
548 1289 576 1369 1,
595 1287 634 1351 19
656 1287 783 1352 accedit
803 1297 841 1352 ut
858 1309 895 1351 eo
909 1288 1041 1353 facilius
1056 1289 1184 1354 animus

142 1398 161 1453 ‚t
183 1411 227 1454 ex
248 1388 310 1453 hoc
331 1409 406 1452 aere
423 1425 460 1435 -
477 1388 565 1474 quod
587 1387 669 1453 nihil
691 1397 741 1453 est
763 1389 871 1454 animo
887 1388 1042 1454 velocius.
1074 1389 1116 1455 de
1138 1412 1184 1455 or.

151 1489 332 1556 accedebat
352 1494 389 1554 ut
412 1489 492 1555 hacc
514 1528 553 1537 —
577 1491 670 1577 queri
692 1484 818 1554 summa
840 1512 913 1554 cum
936 1491 1095 1576 dignitate
1117 1494 1183 1556 exi-

142 1613 216 1655 rere.
262 1591 303 1656 de
325 1592 429 1655 send
452 1592 494 1658 ad
510 1592 611 1679 Appii
633 1591 763 1657 Claudii
786 1601 984 1658 senectutem
1008 1593 1184 1659 accedebat

161 1703 199 1758 ut
222 1714 337 1758 caecus
360 1704 457 1758 esset.
494 1694 571 1757 fam.
593 1694 728 1778 5,12,8
751 1692 878 1760 accedit
900 1695 999 1759 etiam
1021 1704 1058 1760 ut
1079 1697 1184 1761 minor

142 1795 200 1859 les.
246 1796 314 1860 Au.
337 1796 368 1878 3,
384 1795 447 1875 8,1
472 1795 626 1877 accessit,
649 1816 721 1858 cum
744 1795 943 1882 Dyrrhachii
965 1818 1124 1880 essemus,
1147 1808 1184 1863 ut

142 1898 246 1961 nuntii
278 1897 479 1962 afferrentur.
533 1895 702 1961 Plancus
736 1919 788 1983 ap.
819 1896 886 1962 Cic.
915 1897 990 1961 lam.
1021 1899 1070 1976 10,
1091 1896 1183 1982 21,4
1264 1938 1268 1947 ·

142 1999 178 2062 rit
200 2019 239 2063 ec
260 2009 298 2064 ut
319 2036 361 2046 -
383 1999 624 2064 conclamarint.
668 1998 720 2063 Ob
743 1997 859 2063 Cicero
882 1997 934 2064 die
952 2000 1183 2064 Construction
1292 2036 1299 2049 ·

142 2102 206 2166 uod
227 2099 378 2164 wirklich
402 2098 550 2185 bttufiger
571 2098 627 2163 bat
649 2098 697 2164 als
720 2099 772 2164 die
795 2101 855 2163 mit
876 2105 928 2182 ut,
951 2100 994 2164 ist
1015 2100 1079 2163 mir
1099 2100 1183 2165 noch

142 2201 189 2266 cb.
233 2199 394 2287 Haufiger
421 2200 602 2286 gebraucht
627 2200 711 2264 auch
734 2200 884 2265 Caesar
911 2201 999 2267 nicht
1026 2202 1080 2266 die
1102 2201 1181 2265 Par-

151 2304 250 2385 quod,·
283 2323 318 2365 cr
348 2311 433 2367 setzt
461 2304 506 2366 sie
534 2301 716 2388 regelrecht
741 2302 825 2366 nach
853 2304 1057 2369 Praeteritis:
1096 2303 1126 2368 b.
1149 2326 1182 2388 g.

166 2405 197 2486 5,
214 2405 245 2470 6.
275 2404 306 2468 b.
330 2426 357 2468 c.
381 2405 412 2486 3,
430 2404 480 2472 79.
527 2403 607 2469 Hier
627 2404 738 2489 fulgen
760 2404 885 2468 iiberall
907 2404 967 2468 auf
986 2406 1069 2487 qaod
1089 2404 1182 2469 Plus·

142 2507 301 2594 perfecta:
325 2507 464 2588 dixerat,
488 2528 523 2570 se
543 2516 720 2592 receperat,
744 2505 956 2588 discesserat3
979 2505 1038 2570 der
1052 2505 1181 2571 Neben·

145 2607 270 2673 enthalt
295 2608 365 2673 also
394 2610 466 2672 eine
495 2608 615 2674 bereits
643 2608 754 2672 frdher
781 2605 966 2672 vollendete
986 2607 1181 2691 Thatsache,

142 2710 193 2774 der
220 2733 288 2774 nun
311 2721 488 2794 ausgesagt
510 2710 609 2792 wird,
643 2713 718 2775 dass
742 2710 789 2773 sie
811 2711 872 2774 mit
894 2711 926 2773 in
950 2709 1119 2795 Auschlag
1142 2733 1181 2774 zu
1267 2715 1270 2721 '

142 2834 180 2876 en
212 2834 288 2877 war.
333 2811 446 2876 Etwas
482 2811 694 2877 abweichend
730 2811 805 2875 sind
826 2834 894 2875 nun
926 2811 979 2876 die
1007 2812 1181 2898 folgenden

142 2937 164 2977 n
185 2916 245 2978 mit
266 2918 317 2978 at:
346 2913 378 2978 1).
401 2936 432 2998 g.
456 2915 543 2998 3,13
566 2913 742 2979 accedebat
763 2923 800 2977 ut
815 2951 857 2962 -
873 2922 1096 2999 tempestatem
1120 2914 1181 2978 fer·

142 3014 264 3080 lucilius
289 3018 486 3100 („ertragen
509 3015 708 3102 konnten“).
751 3017 781 3093 5,
800 3016 839 3079 16
860 3016 1038 3081 accedebat
1061 3016 1124 3080 huc
1145 3026 1182 3078 ut

142 3138 204 3180 ram
238 3116 377 3181 conferti
410 3154 450 3164 —
482 3116 718 3203 proeliarentur
751 3118 972 3203 stationesque
1006 3118 1180 3204 dispositas

142 3229 196 3282 ent
217 3227 276 3282 ctt.
309 3217 342 3283 b.
367 3239 394 3282 c.
417 3219 448 3301 3,
464 3219 506 3283 24
534 3219 576 3284 ad
604 3219 665 3283 hoc
694 3218 921 3282 detrimentum
945 3228 981 3284 ut
1006 3256 1041 3268 —
1066 3221 1181 3305 aquari

142 3319 299 3384 berentur.
338 3319 379 3383 In
401 3319 513 3385 diesen
536 3321 606 3385 drei
623 3319 746 3384 Stellen
769 3320 900 3385 werden
921 3320 1012 3385 nicht
1034 3319 1181 3385 einzelnc

142 3443 147 3481 1
174 3422 286 3485 friiher
317 3421 521 3506 gescbehene
546 3421 769 3506 Thatsachen,
803 3421 943 3487 sondern
974 3443 1036 3485 neu
1068 3422 1178 3487 hinzu-

142 3524 235 3588 nendc
258 3522 428 3587 zustande
455 3523 610 3589 erwabnt.
654 3523 746 3589 Aber
771 3523 861 3588 batte
884 3524 1004 3589 Caesar
1026 3526 1109 3606 quod
1129 3546 1183 3609 ge·

142 3623 224 3704 eben,
255 3646 291 3689 so
314 3625 425 3689 wiirde
447 3626 505 3689 das
529 3625 658 3690 keinem
681 3624 849 3690 austallen.
877 3664 913 3672 -
948 3625 1044 3690 Bell.
1069 3625 1181 3712 Hisp.

142 3726 259 3793 tedebat
281 3725 345 3791 huc
367 3736 404 3790 ut
418 3725 546 3812 longius
562 3726 682 3793 bellum
699 3728 833 3792 duceret
844 3725 1027 3810 Pompeius.
1055 3728 1093 3790 41
1112 3737 1181 3791 tum
1257 3797 1265 3814 ,

142 3846 207 3890 erea
228 3825 407 3892 accedebat
428 3837 466 3893 ut
487 3866 524 3875 —
544 3850 609 3893 non
630 3827 875 3914 reperiebantur
898 3827 1181 3913 (wahrseheinlich

142 3928 250 4012 uben).
296 3930 355 3993 Bei
385 3929 541 3995 Sallust
573 3930 698 3995 scheint
730 3932 847 3995 accedit
878 3930 987 3994 weder
1013 3931 1073 3994 mit
1101 3931 1184 4010 quod

150 4031 205 4095 mit
224 4036 262 4096 ut
284 4031 550 4100 vorzukommen.
572 4068 615 4080 -
646 4031 733 4095 Liv.
757 4032 786 4111 8,
811 4033 861 4113 29,
887 4035 902 4095 1
932 4031 1070 4096 accessit
1091 4039 1128 4094 ut
1150 4041 1182 4094 et

142 4121 195 4196 nus
217 4132 357 4221 populus
381 4133 582 4198 Samnitibus
605 4153 676 4196 sese
699 4135 917 4218 coniungeret.
952 4132 1046 4197 Eben
1071 4152 1106 4194 so
1128 4131 1181 4213 23,

159 4231 206 4316 28,
228 4233 279 4317 12,
300 4235 318 4299 7
346 4235 390 4298 ad
413 4245 519 4299 cetera
540 4234 573 4298 id
597 4256 725 4321 quoque
748 4244 930 4300 accesserat
952 4244 1051 4297 utne
1073 4232 1182 4296 alendi

142 4353 172 4397 tm
192 4336 356 4401 exercitus
382 4375 411 4384 -
443 4359 517 4424 spes
540 4348 635 4406 esset.
653 4374 690 4384 —-
715 4335 815 4400 Vell.
840 4337 871 4419 2,
887 4336 975 4418 22,5
997 4333 1031 4398 id
1054 4356 1183 4421 quoque

143 4434 178 4498 sit
197 4447 234 4502 ut
255 4438 416 4502 saevitiae
438 4460 568 4503 causam
592 4439 730 4504 avaritia
752 4437 933 4524 praeberet.
948 4474 991 4486 -
1013 4436 1084 4500 Aus
1107 4447 1181 4523 sptt·
