2948 4988
703 332 913 395 „52..

235 478 281 543 M.
306 460 423 544 Porcio
444 503 495 544 me
519 480 671 545 dedicavi
694 494 793 568 atque
815 466 975 569 despondi
997 492 1095 570 atque
1109 483 1271 570 delegavi.
1307 484 1388 552 Hoc

235 583 332 644 etiam
356 585 497 673 „atquc“
520 581 608 645 unde
630 582 751 671 putas?
789 584 872 648 Ex
864 606 935 670 ipso
958 585 1059 650 furor.

320 683 458 746 Cicero
482 685 658 748 vermeidet
680 685 750 750 dies
772 685 1018 770 geflissentlich,
1042 684 1126 751 doch
1142 696 1215 772 sagt
1230 709 1265 751 er
1280 688 1386 773 (wohl

234 807 289 847 um
315 807 355 847 zu
383 785 541 868 steigcrn)
569 785 611 849 56
639 786 716 850 1551.
743 790 769 869 1,
791 788 812 850 5
835 810 854 850 5
880 791 910 868 ξ.
933 787 1008 851 4:
1000 810 1033 851 m
1062 789 1184 853 virtute
1216 798 1315 875 atque
1350 792 1384 855 in

234 884 331 948 rebus
365 887 468 969 gestis
497 888 561 950 tuis
590 896 688 972 atque
717 889 751 951 in
779 898 837 953 tua
858 891 1030 973 gravitate.
1076 888 1165 953 Oder
1187 889 1240 954 die
1263 892 1384 957 aweite

234 986 380 1051 Partikel
408 989 450 1052 ist
479 991 536 1052 der
565 1000 672 1053 ersten
703 990 870 1055 stilistisch
892 990 1159 1076 untergeordnet:
1194 991 1280 1077 legg.
1303 993 1337 1074 3,
1363 994 1384 1056 9
1429 1012 1432 1017 ·

232 1089 275 1152 20
304 1105 402 1177 atque
434 1101 471 1155 ut
498 1090 537 1156 O.
565 1090 761 1157 Flaminium
792 1102 889 1177 atque
917 1113 956 1156 55
982 1131 1023 1141 -
1051 1092 1242 1178 relinquam.
1288 1093 1383 1159 Oder

121 1201 133 1215 ”
233 1193 286 1255 615
308 1192 568 1276 Wiedorholung
591 1215 654 1256 von
685 1199 778 1274 atque
803 1197 846 1256 ist
872 1193 974 1257 durch
1004 1188 1176 1259 die'weite
1198 1194 1383 1280 Trennung

233 1295 378 1379 weniger
400 1293 592 1375 auffallend,
616 1297 679 1359 wie
702 1293 798 1359 Catil.
822 1295 852 1376 3,
875 1295 903 1372 6,
932 1297 970 1357 15
994 1296 1077 1380 (drci
1101 1296 1192 1381 Mal).
1231 1318 1263 1382 p.
1287 1296 1381 1361 Cael.

233 1395 282 1478 19,
304 1397 346 1459 45
373 1396 420 1480 (in
449 1396 542 1460 sechs
570 1395 684 1459 Zeilen
712 1397 783 1460 vier
804 1395 892 1478 Mal).
938 1396 1038 1461 Sonst
1065 1395 1144 1461 lttsst
1173 1420 1210 1461 er
1231 1396 1286 1462 die
1309 1400 1380 1463 ein·

231 1498 348 1581 eilbigc
379 1498 474 1560 Form
503 1499 563 1561 mit
591 1496 650 1561 der
679 1496 902 1581 zweisilbigen
926 1497 1193 1562 nbwcchseln:
1229 1497 1326 1563 Verr.
1349 1500 1381 1583 3,

230 1598 355 1663 251155
377 1620 497 1662 novum
520 1621 558 1663 ac
581 1599 747 1683 singulare
774 1610 871 1685 atque
898 1598 1087 1663 incredibile
1116 1621 1219 1684 genus
1241 1601 1380 1666 iniuria-

231 1723 310 1765 rum.
348 1724 380 1784 p.
404 1699 531 1763 Oluent.
556 1699 597 1763 66
616 1722 655 1764 55
677 1701 746 1764 dies
769 1722 878 1764 omnes
901 1712 999 1786 atque
1021 1711 1185 1765 noctes-
1205 1703 1391 1786 cogitaret.¹

193 1798 196 1803 ’
230 1825 260 1888 p.
285 1801 379 1866 Font.
402 1802 421 1865 8
444 1802 615 1887 pecuniam
638 1801 737 1865 semel
760 1813 858 1888 atque
880 1803 997 1866 iterum
1021 1824 1058 1865 ac
1081 1803 1211 1889 saepius
1231 1841 1266 1850 -
1284 1803 1378 1870 dare.

231 1902 344 1988 parad.
367 1904 398 1985 3,
422 1903 442 1965 2
470 1903 504 1965 in
532 1902 608 1966 sede
637 1924 675 1965 ac
704 1902 799 1967 domo
827 1914 926 1990 atque
948 1905 981 1967 in
1005 1901 1182 1988 republica.
1228 1904 1310 1969 Hier
1334 1907 1381 1971 ist

231 2001 358 2068 iiberall
381 2003 441 2068 die·
457 2004 596 2068 Absicht
625 2027 665 2067 zu
694 2006 837 2088 steigern
860 2004 1066 2072 bemerkber.
1093 2043 1128 2052 -
1153 2005 1263 2069 Caes.
1287 2006 1320 2070 b.
1344 2028 1378 2091 g.

229 2107 261 2185 3,
284 2107 314 2188 9,
337 2107 366 2169 7.
404 2107 433 2185 7,
460 2107 507 2188 12,
529 2108 550 2169 5
573 2106 677 2185 (515111
699 2105 945 2191 Polysyndeta).

316 2207 494 2272 Dichter:
530 2208 618 2291 Virg.
644 2211 683 2272 G.
713 2210 744 2288 4,
767 2208 829 2272 343
859 2218 956 2292 atque
986 2207 1120 2293 Ephyre
1152 2217 1250 2292 atque
1281 2207 1379 2296 Opis.

229 2309 291 2373 463
314 2320 412 2394 atquc
435 2309 539 2373 Getae
560 2319 657 2394 atque
680 2309 821 2373 Hebrus.
860 2307 1093 2392 Widerwttrtig
1116 2309 1168 2373 bei
1191 2308 1300 2375 Cetull
1324 2311 1379 2395 68,

234 2409 395 2475 15211555
417 2421 514 2495 atque
536 2410 594 2474 illa
615 2409 686 2474 dies
708 2421 806 2496 atque
829 2408 893 2473 alia
916 2419 1015 2494 atque
1037 2409 1112 2474 alia.

314 2513 401 2576 Tac.
425 2510 500 2576 dial.
527 2514 562 2575 17
588 2512 640 2594 (ac
656 2551 695 2558 -
712 2522 809 2598 atque
827 2550 863 2559 -
881 2533 935 2592 ac;
958 2511 1036 2574 aher
1059 2510 1162 2576 durch
1185 2511 1378 2577 Zwischen·

230 2613 355 2698 glieder
377 2614 437 2677 mit
458 2618 487 2677 51
503 2634 565 2676 von
581 2614 738 2677 einander
759 2612 936 2698 getrennt).
981 2614 1015 2675 16
1036 2634 1075 2675 55
1097 2614 1175 2677 151111
1200 2626 1380 2679 versantur

229 2727 305 2781 5515
327 2712 438 2778 oculos
455 2713 571 2779 Ulixes
593 2736 632 2777 ac
652 2716 779 2780 Nestor.
817 2713 846 2778 h.
865 2717 892 2793 1,
908 2714 950 2777 46
972 2736 1010 2777 ac
1033 2735 1143 2778 rursus
1167 2715 1250 2778 alius
1274 2725 1378 2803 atque

229 2817 322 2899 alius,
345 2814 458 2879 eadem
482 2825 627 2899 egestate
649 2840 687 2880 55
710 2815 840 2879 11555115
862 2816 1016 2901 corrupti.

317 2918 423 2981 Suet.
459 2915 566 3000 calig.
589 2917 631 2979 52
663 2938 702 2980 55
735 2938 776 2980 55
810 2916 897 2980 virili
927 2917 1059 3002 quidem
1086 2939 1126 2982 55
1153 2916 1294 3002 denique
1318 2918 1379 2984 hu·

230 3040 336 3082 51555.
362 3055 397 3064 -
423 3017 517 3080 Α5511
540 3019 583 3081 im
608 3015 1156 3103 855115151565555115511515655.

315 3120 363 3182 12.
407 3118 453 3181 Es
477 3117 608 3182 werden
630 3141 694 3184 nun
719 3119 801 3183 noch
825 3120 932 3203 einige
947 3119 1150 3203 Kategorien
1173 3119 1377 3206 ausgestellt,

228 3221 281 3285 die
310 3221 361 3284 ich
391 3217 444 3282 fiir
472 3219 725 3304 iiherfliissig
758 3219 863 3299 115115,
897 3219 971 3283 weil
999 3222 1031 3284 in
1062 3222 1158 3284 ihneu
1181 3227 1274 3302 atqrre
1295 3225 1376 3304 (wic

227 3326 268 3405 51)
302 3343 364 3384 nur
393 3322 477 3384 duzu
512 3321 616 3400 61551,
653 3344 705 3384 um
734 3322 788 3386 die
815 3322 906 3385 Rede
933 3320 1154 3386 fortzusetzen
1176 3322 1243 3387 und
1268 3333 1375 3389 etwas

228 3425 338 3488 Neues
361 3421 616 3507 hinzuzultigeu.
662 3423 773 3487 Dehiu
795 3423 913 3487 rechne
936 3422 987 3488 ich

278 3522 282 3529 ’
312 3528 345 3606 5)
377 3524 430 3589 615
462 3525 624 3590 weitere
658 3521 930 3609 Begrt'rndung
953 3524 1041 3588 einer
1063 3525 1185 3606 Sache,
1217 3525 1278 3590 wie
1301 3525 1376 3593 Cic.

228 3626 292 3710 leg.
315 3626 403 3690 Man.
428 3626 447 3688 8
471 3636 568 3710 atque
590 3637 626 3690 ut
648 3648 759 3691 onmes
782 3625 968 3711 intelligant
990 3664 1047 3709 -,
1071 3625 1144 3691 dieo
1167 3637 1223 3692 ctt
1238 3625 1326 3692 Phil.
1343 3629 1376 3712 3,

227 3728 308 3792 955
330 3748 371 3790 55
394 3729 463 3790 sine
486 3747 586 3801 causa
609 3729 775 3793 videretur
796 3728 951 3793 edixisse.

314 3830 349 3913 b)
372 3827 426 3891 615
448 3826 547 3892 Sane
569 3829 628 3892 mit
650 3827 835 3913 folgendem
863 3832 941 3895 adeo
964 3828 1042 3894 oder
1064 3831 1174 3912 etiam,
1207 3830 1242 3894 in
1265 3828 1376 3896 denen

229 3933 280 3995 5111
302 3930 432 3994 rasehcr
455 3928 652 3995 Fortsehritt
674 3929 733 3992 der
756 3931 967 4016 Darstellung
991 3930 1209 4014 beabsichtigt
1230 3932 1325 3997 wird.

313 4032 344 4117 c)
378 4031 431 4095 die
465 4031 695 4116 Aukn‘upfung
728 4033 816 4096 eines
854 4031 1078 4117 speciellen
1118 4031 1257 4097 Falles
1291 4034 1376 4099 oder

227 4133 391 4199 Punktes:
425 4132 493 4197 Cic.
528 4133 569 4196 de
601 4155 646 4196 or.
673 4132 742 4211 1,2
775 4155 813 4196 55
842 4135 920 4198 511111
954 4134 1130 4220 repetenda
1166 4143 1217 4198 est
1251 4136 1376 4201 veteris

228 4237 397 4300 cuiusdam
431 4234 607 4297 memoriae
631 4269 669 4279 -
693 4233 887 4319 recordatio.
931 4236 1004 4317 2,7
1034 4245 1132 4321 atque
1165 4236 1200 4299 id
1229 4237 1376 4322 primum

229 4341 261 4400 in
284 4339 388 4422 poetis
411 4336 500 4398 cerni
523 4333 608 4400 licet.
645 4357 712 4418 rep.
738 4334 943 4420 1,2651555
966 4338 1078 4400 horum
1098 4337 1195 4400 trium
1213 4357 1377 4421 generum

228 4436 376 4524 quodvis.
421 4436 533 4499 Daren
565 4433 741 4499 schliesson
769 4437 837 4501 sich
865 4434 919 4500 die
948 4437 1119 4521 allgemein
1146 4437 1377 4521 gebrauchten
