2948 4988
636 303 843 368 -30..

162 455 460 522 abschliessendom
491 475 571 519 now:
594 454 683 518 Tae.
713 454 790 518 dial.
812 455 854 518 38
881 476 986 542 neque
1008 455 1177 520 Ciceronis
1205 476 1310 543 neque

164 557 313 621 Caesaris
336 578 440 643 neque
462 555 556 620 Bruti
578 577 684 642 nequo
707 555 809 620 Caelii
833 578 938 642 neque
953 555 1059 638 Calvi,
1082 578 1147 620 non
1170 555 1312 642 deniqne

162 656 260 723 ullius
282 658 394 742 magni
416 659 554 722 oratoris
577 655 669 721 liber.

246 759 276 824 2.
321 757 446 824 Nee-
471 780 527 824 nee
556 757 658 821 findet
691 758 760 823 sich
790 760 842 824 bei
866 759 981 824 Oieero
1004 780 1065 823 nur
1087 760 1121 822 in
1144 758 1311 824 einiaeher

163 859 382 944 Gliederung:
401 882 484 946 rep.
510 864 536 942 1,
559 859 590 942 6,
616 862 650 923 11
681 861 767 947 quod
797 883 857 927 nee
887 860 1062 926 didicerint
1083 880 1144 925 neo
1165 880 1311 947 unquam

162 962 247 1025 seire
276 963 471 1026 curaverint.
515 963 545 1044 3,
573 964 623 1044 11,
649 963 698 1026 18.
742 963 783 1026 do
812 985 880 1026 sen.
902 963 933 1043 3,
957 962 987 1025 8.
1034 963 1103 1028 Au.
1128 960 1181 1042 10,
1206 961 1257 1039 13,
1280 961 1311 1025 2.

162 1062 282 1140 Zuerst
305 1061 473 1147 doppeltes
495 1084 610 1144 neque,
642 1062 729 1127 dann
756 1063 926 1150 doppeltes
948 1084 1021 1127 nee:
1052 1063 1136 1126 Phil.
1160 1061 1191 1141 2,
1216 1062 1248 1145 8,
1271 1061 1312 1126 29

165 1173 197 1225 te
218 1184 324 1249 neque
347 1162 420 1228 iilos
436 1186 541 1251 nequo
556 1162 639 1229 ullas
657 1166 786 1230 omnino
811 1166 933 1229 litteras
950 1187 1056 1247 nosse,
1080 1184 1208 1229 menes
1231 1165 1310 1250 reip.

163 1286 222 1329 nee
251 1266 364 1329 amieis
392 1287 534 1352 unquam
565 1265 719 1330 defuisse.
764 1265 803 1330 In
832 1265 1065 1350 umgekehrter
1092 1260 1311 1350 Reihenioige

163 1366 217 1429 bei
239 1364 366 1430 Plaut.
384 1366 504 1431 Pseud.
523 1367 599 1430 1211
621 1366 665 1451 fg.
704 1367 858 1432 Dreifaeh
882 1369 939 1431 mit
957 1367 1179 1432 weohselnder
1194 1366 1310 1433 Form:

163 1468 232 1533 Cic.
252 1469 369 1553 parad.
401 1473 431 1550 ξ.
455 1469 508 1532 51.
554 1467 611 1532 Bei
640 1467 782 1532 anderen
812 1467 1071 1534 Schrii'tstellern
1100 1467 1211 1532 finden
1242 1468 1308 1533 sicis

52 1570 54 1575 ’
162 1568 246 1633 auch
270 1568 607 1656 Doppelgliedor:
641 1569 722 1634 Liv.
747 1569 778 1649 8,
804 1573 832 1652 1,
859 1571 898 1634 10
925 1573 979 1656 qui
1003 1591 1063 1633 nee
1084 1579 1121 1633 ut
1143 1568 1306 1634 Samnites

97 1725 101 1732 .
163 1671 196 1733 in
229 1691 309 1756 paee
340 1671 526 1747 amicitiam
551 1692 610 1733 neo
643 1680 678 1735 ut
707 1671 866 1757 Campani
899 1671 1057 1736 auxilium
1088 1671 1120 1736 in
1145 1669 1231 1736 belio
1254 1692 1307 1758 pe·

162 1771 297 1854 tissent,
329 1795 388 1835 nee
411 1770 532 1837 infide
559 1771 670 1858 populi
695 1773 732 1836 R.
756 1794 816 1837 nee
839 1774 873 1836 in
895 1773 1025 1838 dicione
1048 1781 1167 1837 essent.
1203 1772 1235 1852 9,
1257 1772 1308 1854 34,

162 1872 204 1934 22
226 1883 260 1937 to
281 1895 341 1936 nee
363 1874 452 1960 quod
475 1873 544 1937 dies
576 1873 644 1937 exit
673 1895 827 1937 censurae
856 1897 915 1938 nee
944 1873 1029 1960 quod
1058 1871 1185 1959 collega
1206 1874 1305 1958 magi·

163 1982 266 2037 stratu
289 1973 386 2057 abiit,
416 1997 476 2038 nec
503 1974 558 2038 lex
587 1997 646 2038 nee
676 1974 780 2060 pudor
808 1985 944 2041 coercet.
988 1974 1093 2040 Ovid
1116 1976 1201 2039 trist.
1225 1968 1255 2055 3,
1277 1974 1307 2053 8,

162 2073 204 2137 23
226 2097 285 2139 nee
308 2075 431 2140 caelum
456 2098 515 2140 nec.
537 2097 641 2161 aquae
665 2076 799 2154 faciunt,
822 2099 882 2140 nee
904 2089 991 2141 terra
1012 2098 1072 2142 nee
1092 2098 1201 2140 aurae.

246 2177 275 2240 3.
321 2176 430 2259 Neque
454 2216 488 2224 —
513 2177 1230 2265 0000100911.231700010000110
1251 2200 1304 2241 ne·
1335 2227 1338 2233 .

162 2299 225 2363 qne
253 2277 439 2342 diuturnam
469 2280 580 2344 attulit
606 2279 763 2343 laetitiam
793 2303 853 2344 nec
881 2289 1017 2344 tantam.
1062 2277 1138 2343 Und
1167 2299 1203 2341 so
1232 2278 1307 2343 sehr

162 2381 227 2460 oi't3
250 2402 275 2443 s.
299 2380 397 2444 Hand
420 2381 515 2447 Ture.
538 2382 568 2460 4,
597 2380 663 2446 127.
707 2381 775 2444 Zur
806 2383 1006 2466 paarweisen
1035 2377 1243 2464 Gliederung
1264 2380 1308 2445 ist

162 2480 252 2545 diese
276 2480 373 2545 Form
399 2504 509 2567 wegen
532 2483 619 2547 ihrer
643 2480 872 2566 Ungleiehheit
900 2482 992 2546 nicht
1014 2479 1204 2545 vorwendet
1227 2500 1307 2544 wor-

30 2599 33 2605 ’
161 2580 233 2663 (100,
258 2582 342 2647 wohi
364 2584 444 2647 aber
466 2584 556 2648 kann
580 2586 627 2648 sie
650 2582 752 2648 durch
775 2586 826 2648 ein
851 2582 948 2648 Glied
972 2582 1136 2647 erweitert
1160 2582 1306 2645 werden:

162 2706 227 2771 rep.
251 2685 282 2767 2,
306 2687 348 2750 26
370 2709 433 2772 quo
457 2707 560 2772 neque
582 2687 718 2749 taetrius
747 2707 850 2771 neque
879 2684 1006 2748 foedius
1036 2660 1097 2747 ndo
1118 2683 1182 2748 diis
1205 2683 1306 2749 homi·

161 2785 322 2872 nibusque
355 2789 494 2852 invisius
530 2786 649 2850 animai
682 2784 784 2850 ullum
817 2786 952 2870 cogitari
988 2795 1104 2871 potest.
1154 2784 1232 2849 sam.
1259 2784 1307 2867 10,

160 2886 211 2969 27,
234 2887 255 2949 2
277 2911 361 2974 quae
388 2910 493 2974 neque
522 2889 647 2952 senatui
676 2910 781 2974 neque
808 2888 926 2976 populo
954 2908 1013 2951 nec
1041 2887 1192 2972 cuiquam
1224 2886 1307 2950 bono

162 2989 329 3073 probatur.
1146 3000 1152 3011 '

244 3090 274 3154 4.
319 3090 386 3155 Nee
409 3129 449 3137 —
469 3112 586 3173 neq-ue:
608 3091 714 3155 Plaut.
738 3090 856 3156 Pseud.
880 3091 931 3155 91.
968 3090 1041 3157 Ter.
1068 3089 1131 3152 Ad.
1158 3090 1185 3171 1,
1208 3088 1241 3171 2,
1264 3088 1299 3153 61

161 3213 221 3254 nec
244 3191 324 3255 nihii
353 3214 459 3279 neque
481 3195 588 3256 omnia
618 3192 697 3256 haee
724 3204 801 3257 sunt
829 3214 911 3279 quae
940 3191 1031 3255 dicit.
1073 3190 1102 3268 3,
1126 3190 1158 3271 4,
1181 3191 1224 3254 39
1246 3212 1306 3255 nec

160 3293 237 3378 quid
263 3316 356 3378 agam
379 3316 484 3380 neque
507 3295 585 3381 quid
609 3295 684 3358 huie
707 3295 919 3379 respondeam
942 3295 1020 3358 seio.
1058 3292 1138 3356 Hee.
1162 3292 1194 3374 3,
1210 3293 1243 3371 5,
1263 3291 1306 3355 62

160 3417 220 3457 nee
250 3407 368 3479 gnatus
398 3418 503 3482 neque
532 3395 594 3460 hie.
642 3395 700 3459 Bei
724 3396 865 3460 Cicero
894 3395 985 3459 nicht
1006 3393 1133 3478 bttufigs
1167 3403 1250 3457 orat.
1273 3394 1306 3475 4,

164 3497 203 3559 14
225 3517 283 3560 nee
307 3496 405 3562 latius
427 3520 532 3584 neque
554 3499 718 3584 copiosius
743 3503 807 3578 (wo
823 3498 876 3561 die
892 3497 1069 3560 Varianten
1093 3498 1219 3579 wigen,
1245 3497 1307 3558 wie

160 3597 358 3662 willkitrlich
387 3622 462 3664 man
495 3600 555 3663 mit
583 3598 694 3663 diesen
725 3599 876 3663 Wiirtern
903 3598 1062 3682 verfuhr).
1107 3597 1162 3658 fin.
1190 3594 1222 3677 2,
1251 3596 1305 3675 32,

161 3701 222 3764 105
244 3722 304 3764 noc
326 3702 411 3764 enim
439 3700 566 3765 absolvi
592 3739 628 3747 —
654 3722 758 3786 neque
785 3700 826 3763 ad
856 3699 979 3763 exitum
1008 3697 1140 3785 perduci
1171 3698 1305 3783 poterit.

159 3800 249 3865 Lael.
280 3802 332 3885 22,
360 3803 412 3866 84.
454 3800 538 3886 legg.
565 3804 593 3882 1,
626 3802 673 3881 13,
702 3802 753 3865 39.
806 3805 876 3866 Α11.
898 3803 929 3882 2,
964 3800 1011 3882 19,
1045 3804 1072 3862 i.
1113 3799 1162 3882 10,
1193 3798 1245 3878 13,
1274 3799 1305 3863 3.

160 3905 272 3968 Lucr.
301 3908 326 3982 1,
349 3904 400 3969 62.
447 3895 538 3966 Eiron
561 3924 596 3967 so
621 3901 673 3965 bei
696 3902 817 3983 Horas,
841 3901 948 3986 Virgil
971 3900 1037 3965 und
1061 3900 1133 3963 Liv.
1150 3900 1203 3982 43,
1227 3900 1305 3982 9,1.

160 4005 240 4069 Tac.
264 4004 341 4069 dial.
364 4005 415 4069 29.
446 4004 548 4068 (1.9.

244 4108 314 4170 nur
344 4128 399 4171 aec
428 4106 512 4189 foigt
542 4106 622 4169 zwei
651 4104 720 4168 Mai
747 4127 861 4186 neque:
896 4105 965 4169 Cic.
994 4128 1025 4192 p.
1051 4102 1149 4167 Arch.
1177 4106 1227 4183 11,
1250 4104 1305 4168 29.

158 4207 229 4271 Aur
249 4207 418 4296 doppeltes
440 4230 495 4272 neo
517 4206 601 4291 folgt
621 4227 719 4287 neque
745 4208 811 4271 und
836 4208 955 4272 wieder
982 4226 1053 4270 aec:
1088 4203 1181 4289 Virg.
1205 4203 1249 4270 G.
1271 4205 1305 4288 2,

242 4412 272 4474 5.
297 4411 360 4474 Die
371 4410 705 4496 correspondirenden
722 4412 858 4496 negati
868 4432 939 4474 verr
953 4407 1158 4494 Satzglieder
1171 4408 1304 4474 werden
