2948 4988
620 356 662 367 ..
706 317 768 383 204
812 355 851 366 ..

165 474 348 561 sequentia.
379 469 601 560 (Nagelsbach
616 470 799 536 ubersetzt:
824 422 916 551 „und
940 470 1062 536 welche
1082 470 1311 557 Folgerungen

165 598 224 641 aus
260 575 423 661 gewisaen
465 574 670 637 Praemissen
708 593 854 658 gezogeu
894 573 1024 638 werden
1060 573 1211 639 kbnnten
1247 570 1312 636 und

164 676 289 742 welche
315 677 452 756 nicht“).
503 675 607 739 Darin
642 676 769 740 werden
804 674 858 739 die
885 674 986 739 Alten
1018 674 1105 740 wohl
1137 674 1191 739 ein
1214 672 1312 740 Glied

166 779 240 843 dem
263 778 387 843 andern
410 775 632 843 subordinirt
655 777 856 863 cmpfunden
878 775 1002 859 haben,
1025 775 1094 841 und
1116 775 1209 842 dieue
1231 776 1312 842 Auf-

165 881 305 965 fassung
333 879 413 943 wird
442 877 535 944 nicht
562 876 734 962 widerlegt
760 879 865 944 durch
892 877 1016 944 Stellen
1047 900 1107 942 aus
1141 878 1312 966 Spbteren,

167 1005 216 1048 wo
239 981 293 1046 die
310 979 545 1066 Fragegliedcr
567 979 669 1044 durch
691 980 926 1046 atrorbunden
941 980 1026 1064 siud,
1047 982 1110 1045 wie
1132 977 1311 1060 Quintil.

166 1084 197 1166 2,
222 1084 272 1166 16,
300 1083 337 1148 18
360 1084 388 1146 11
411 1083 679 1167 cogitaverimus,
710 1081 798 1146 unde
821 1092 854 1147 et
876 1103 1044 1169 quousque
1065 1083 1131 1146 iam
1153 1094 1312 1169 provecta

164 1186 208 1250 sit
230 1185 344 1250 orandi
365 1182 515 1248 facultas.
552 1183 645 1248 Eben
668 1206 720 1248 so:
743 1185 774 1265 6,
801 1186 830 1266 1,
853 1185 893 1248 23
917 1205 991 1248 curn
1013 1182 1165 1267 dicimus,
1188 1207 1233 1250 ex
1249 1207 1312 1272 qua

163 1286 211 1352 illi
235 1288 367 1350 fortuna
389 1296 421 1349 et
445 1286 477 1348 11
501 1306 595 1371 quani
620 1285 830 1349 recidendum
857 1286 911 1349 sit.
936 1321 978 1335 --
1000 1287 1071 1351 Aue
1095 1284 1242 1351 Cicero
1269 1288 1313 1353 ist

163 1389 272 1453 111111
293 1386 513 1452 anzufiihren:
544 1409 575 1472 p.
600 1385 669 1451 Mil.
693 1387 713 1450 9
742 1408 897 1473 quaerere
925 1424 967 1435 -
989 1392 1058 1452 ater
1085 1390 1153 1452 utri
1173 1388 1327 1454 insidias.

164 1490 295 1573 fecerit3
318 1511 385 1553 was
409 1488 477 1552 sich
501 1511 552 1575 cp.
580 1488 617 1551 12
633 1487 814 1553 widerholt.
845 1512 878 1574 p.
901 1489 1023 1554 Scauro
1046 1491 1077 1570 ἕ.
1103 1489 1219 1572 1311,
1242 1493 1312 1574 qai-

166 1594 224 1658 bas
244 1591 385 1657 testibus
408 1591 559 1655 commoti
582 1588 704 1672 dequo
725 1590 865 1672 homine,
889 1590 1013 1677 dequo
1035 1611 1166 1675 genere,
1190 1591 1312 1678 dequo

163 1694 294 1758 nomine
328 1692 508 1756 sententias
541 1692 667 1758 feratis.
712 1691 883 1774 111219
909 1691 1087 1774 videmus„
1107 1693 1224 1774 qualitas
1256 1714 1312 1758 ex·

163 1794 291 1859 stinctis
314 1793 497 1859 oratoribus
513 1814 609 1876 quom
632 1793 665 1856 in
682 1793 794 1880 paucis
811 1815 897 1880 spes,
920 1798 1040 1876 quanto
1052 1793 1087 1857 in
1101 1794 1313 1880 paucioribus

164 1894 321 1976 facultas,
356 1916 453 1976 quam
485 1896 519 1958 in
548 1894 659 1959 multis
692 1895 737 1959 111
764 1895 912 1960 audacia.
957 1893 1200 1982 (thelsbacbz
1229 1897 1313 1978 „wir

164 1996 274 2080 seben,
299 1994 420 2061 welche
448 1996 600 2062 Verluste
628 1997 683 2060 die
706 1995 973 2062 Beredtsamkeit
1000 1994 1131 2061 erlittcn
1153 1997 1212 2061 hat
1233 1998 1312 2061 und

164 2099 227 2163 wie
250 2098 357 2182 wenig
379 2096 511 2162 Redner
533 2097 700 2164 disselben
723 2120 764 2162 zu
786 2108 934 2163 ersetzen
958 2096 1225 2186 versprechen“).
1270 2100 1311 2164 ad

163 2203 231 2270 Att.
256 2205 283 2281 l,
308 2201 403 2282 11,3
431 2189 626 2265 incredibile
659 2211 726 2281 est,
760 2221 856 2282 queam
891 2200 982 2266 brevi
1015 2212 1160 2288 tempore
1192 2205 1311 2284 quanto

162 2302 340 2367 deteriores
374 2302 555 2366 offensurus
585 2303 642 2366 sis.
689 2303 774 2366 Dass
805 2302 857 2366 bei
885 2301 951 2366 ihm
982 2300 1073 2368 (11111
1096 2301 1123 2366 F
1123 2324 1193 2367 orm
1221 2301 1311 2366 nicht

166 2405 200 2468 in
221 2403 404 2468 direotcr
426 2402 533 2488 Frage
561 2403 761 2487 vorkommt,
794 2403 837 2467 111
865 2402 951 2469 wohl
979 2401 1099 2469 Zufall.
1150 2398 1219 2469 Ε11
1244 2400 1310 2469 Mal

163 2505 361 2591 wenigstens
384 2506 428 2569 111
451 2505 598 2570 directen
615 2505 782 2570 Ausrul:
804 2505 880 2569 sam.
907 2507 956 2589 11,
978 2505 1031 2589 24,
1056 2507 1071 2569 1
1097 2527 1196 2588 quam
1211 2503 1311 2570 marlia
1348 2556 1361 2569 .

166 2629 263 2690 quam
285 2607 418 2694 paucis!
442 2607 526 2692 (scil.
551 2607 738 2692 scripsisti).

247 2713 318 2775 Ans
342 2708 490 2775 Caesar
511 2707 620 2772 kenne
644 2707 696 2771 ich
719 2731 794 2772 nur:
819 2708 850 2773 h.
873 2730 906 2793 g.
929 2709 959 2792 5,
981 2709 1025 2773 44
1046 2718 1083 2773 ut
1105 2708 1190 2774 alter
1211 2707 1361 2776 alteris*

163 2812 315 2876 inimicus
355 2808 480 2875 auxilio
517 2809 680 2896 salutique
716 2821 803 2874 esset
842 2832 947 2897 neque
980 2810 1155 2876 diiudicari
1190 2821 1361 2898 posset2..

164 2917 234 2978 1111
255 2914 322 2977 utri
343 2912 466 2976 virtute
488 2912 719 2976 anteferendus
742 2911 921 2978 videretur.

250 3011 348 3078 Fehlt
388 3014 439 3077 bei
479 3013 612 3078 Sallust.
643 3053 681 3061 —
711 3013 804 3078 Hor.
844 3014 897 3080 od.
926 3015 958 3097 3,
985 3015 1038 3096 27,
1067 3015 1108 3079 37
1137 3016 1222 3081 unde
1250 3035 1361 3097 qao

167 3115 268 3180 veni?

247 3216 333 3281 Liv.
359 3218 407 3299 10,
432 3217 482 3298 14,
507 3219 523 3281 1
547 3216 694 3282 eonsules
724 3239 798 3282 cum
822 3218 907 3281 inter
929 3240 965 3281 se
988 3218 1155 3302 agitarent
1180 3254 1221 3267 -
1242 3223 1361 3284 ala-z

161 3317 333 3384 aduttum
358 3317 478 3383 bellum
501 3318 571 3383 dux
600 3318 735 3384 idoneus
763 3320 867 3404 magis
902 3327 999 3383 esset.
1040 3319 1093 3400 26,
1119 3321 1169 3403 13,
1192 3321 1213 3385 6
1234 3339 1361 3405 quon:

162 3422 241 3486 111111
263 3422 296 3485 11
319 3420 509 3486 obsidentes
534 3442 630 3503 quam
652 3420 782 3485 inimice
805 3422 1018 3507 eruperimus.
1049 3421 1103 3503 30,
1125 3421 1179 3506 42,
1206 3423 1245 3488 18
1265 3443 1361 3488 et:

161 3525 289 3605 quantis
311 3521 427 3609 opibus
452 3544 511 3605 quo
533 3521 727 3588 recidissent
750 3522 1070 3607 Carthaginiensium
1093 3545 1156 3588 res.

247 3621 350 3688 Vell.
373 3625 404 3707 2,
426 3623 478 3706 86,
506 3627 520 3687 l
552 3645 593 3688 ex
620 3646 682 3711 quo
710 3626 743 3689 in
775 3646 870 3711 quem
893 3633 1014 3689 statum
1037 3626 1226 3710 pervenerit
1246 3626 1361 3690 fot⁴

161 3737 240 3790 tuna
262 3725 403 3813 publica,
427 3726 499 3813 quia
522 3763 563 3774 —
586 3727 766 3813 exprimere
789 3724 932 3790 audeat?
976 3725 1027 3789 Im
1049 3727 1202 3792 Ausrufr
1223 3727 1281 3793 Va
1305 3752 1361 3784 ..a

161 3827 262 3892 Max.
284 3828 316 3912 3,
337 3826 409 3910 5,1
444 3825 491 3890 dii
525 3826 613 3907 boni,
648 3849 730 3914 quas
754 3826 946 3892 tenebrose
974 3850 1036 3913 quo
1059 3826 1198 3894 fulmine
1221 3851 1310 3894 nas·

160 3928 247 4014 passi
270 3929 369 3993 estis!

245 4030 330 4095 Seu.
354 4031 446 4096 clem.
468 4031 498 4113 2,
522 4032 552 4111 8,
574 4033 595 4097 5
618 4031 744 4097 videbit
770 4031 933 4118 perfectus
963 4033 1105 4116 sapiens,
1144 4032 1233 4120 quod
1260 4032 1361 4098 1,

164 4133 296 4217 genium
329 4154 394 4219 qua
427 4133 553 4199 ratione
584 4132 792 4199 tractandum
827 4135 878 4198 sit.
925 4132 1021 4198 Fehlt
1054 4135 1109 4199 bei
1142 4134 1357 4200 ’11111131

157 4233 236 4321 (wie
257 4233 310 4299 bei
322 4232 467 4320 Sallust).
497 4235 626 4322 Nepos
649 4236 701 4319 20,
724 4235 797 4318 2,2
819 4258 915 4322 quem
937 4246 1033 4300 etex
1056 4236 1179 4324 quanto
1202 4240 1361 4322 regu(

161 4336 203 4400 ad
227 4358 325 4423 quam
347 4335 510 4401 inmunem
533 4337 737 4403 detrusisset.
777 4338 830 4418 25,
858 4337 906 4420 18,
929 4339 950 4403 3
973 4347 1103 4421 notans,
1126 4340 1182 4425 qui
1203 4360 1225 4402 a
1246 4340 1361 4425 quc

162 4448 251 4504 ortua
280 4461 360 4526 quos
388 4437 528 4504 bonores
560 4440 745 4526 quibusque
775 4440 978 4526 temporibus
1005 4441 1156 4530 cepisset
1206 4428 1356 4508 Galle
