2924 4994
616 280 842 344 -262-

162 447 191 528 7,
213 447 233 511 3
261 469 335 512 eum
363 446 484 511 iamin
507 469 544 513 eo
569 459 656 512 esset
686 447 769 528 (scil.
792 447 978 531 Miltiades)
1008 458 1045 513 ut
1072 447 1194 535 oppido
1221 450 1279 533 pot

159 556 259 612 retur.
294 549 390 613 Eben
413 569 449 613 so
472 546 607 635 Hygin
630 548 697 613 fab.
721 549 782 614 261
806 572 880 615 enm
903 549 1078 637 Iphigenia
1098 551 1134 613 in
1156 569 1196 615 eo
1219 568 1279 613 esse

159 657 195 713 ut
222 648 455 714 immolaretur.
499 649 559 714 Als
587 649 835 715 unzweifelhnft
862 649 1185 738 unpersttnliehe
1207 650 1279 715 Fon

159 751 268 815 kenne
290 750 344 815 ich
366 773 444 815 nur:
467 749 554 814 Liv'.
577 751 712 835 2,17,6
734 774 809 816 oum
832 791 873 801 -
895 755 961 818 iam
982 756 1018 818 in
1039 774 1078 818 eo
1101 761 1193 817 esset
1212 752 1278 816 uti

161 874 268 917 muros
292 852 447 918 evaderet
468 852 574 935 miles,
599 874 692 917 wozu
716 852 901 921 Weissenb.
923 854 1023 919 keine
1044 850 1279 919 Parallelstelle

157 954 259 1039 giebt.

242 1057 274 1121 b.
309 1055 390 1122 Otene
418 1077 450 1121 eo
480 1061 517 1121 ut
549 1065 673 1139 „unter
701 1056 760 1122 der
789 1057 1003 1143 Bedingung,
1037 1056 1146 1121 dass“
1178 1057 1224 1120 ist
1250 1055 1279 1119 ei

159 1157 381 1241 Graecismns,
404 1158 488 1222 nach
512 1156 567 1221 ἐπὶ
588 1157 697 1243 τούτῳ
719 1158 874 1244 gebildet,
896 1160 965 1225 und
987 1158 1090 1224 findet
1108 1156 1178 1222 sich
1194 1177 1279 1223 auen

159 1259 212 1323 bei
234 1259 394 1324 Livius:
431 1260 531 1342 8,14,
552 1260 573 1322 2
599 1259 782 1324 Lanuvinis
805 1262 924 1326 civitas
947 1260 1025 1326 data
1048 1297 1085 1309 -
1109 1280 1186 1325 oum
1208 1279 1279 1323 eor

158 1360 253 1424 aedes
276 1358 432 1447 lucusque
453 1359 604 1447 Sospitae
624 1362 759 1427 Iunonis
782 1362 1017 1427 communis-
1035 1371 1130 1426 esset.
1168 1359 1223 1427 lb.
1236 1363 1270 1442 ξ.

159 1460 286 1527 colonia
307 1463 408 1526 missa
430 1484 504 1527 oum
528 1483 565 1526 eo
587 1471 625 1526 ut
643 1464 940 1549 -permitteretur
961 1472 1018 1528 ott.
1055 1463 1107 1540 36,
1124 1463 1195 1545 5,3
1216 1482 1279 1548 apn

159 1585 270 1649 regem
293 1565 433 1648 gratiam
456 1565 569 1629 initam
593 1561 748 1630 volebant
770 1586 843 1629 cum
866 1587 904 1630 eo
926 1575 963 1630 nt
984 1577 1139 1629 caverent
1159 1584 1204 1627 ne
1225 1564 1279 1649 qui

159 1667 360 1730 offenderent
391 1666 565 1731 Romanos.
621 1664 661 1728 In
695 1665 835 1730 anderer
867 1665 1078 1750 Bedeutnng:
1116 1664 1279 1748 30,10,n

157 1767 312 1851 gaudium
341 1765 510 1832 effulserat
535 1788 608 1831 eum
636 1788 673 1830 eo
695 1777 732 1831 ut
760 1777 932 1854 appareret
953 1769 1041 1832 haud
1064 1767 1179 1853 procul
1203 1767 1279 1830 exiti

158 1869 261 1932 fuisse
282 1868 463 1933 Romanam
485 1866 621 1932 classem
645 1869 744 1951 („mit
767 1871 840 1933 dem
862 1866 1063 1947 Umstande,
1087 1867 1216 1954 dass“).

244 1971 342 2035 Dann
369 1991 432 2033 nur
457 1970 540 2035 nooh
568 1971 621 2036 bei
650 1968 809 2035 Celsus:
846 1971 876 2050 3,
897 1970 939 2034 22
968 1991 1042 2035 cum
1070 1991 1109 2036 eo
1135 1980 1175 2035 ut
1195 1978 1279 2034 aeter

156 2092 286 2159 qnoque
314 2068 427 2135 eodem
457 2071 553 2136 modo
580 2081 763 2136 serventur.
800 2071 830 2151 6,
854 2073 883 2135 2.
929 2071 1025 2137 Auoh
1052 2072 1107 2137 ein
1128 2068 1279 2156 folgendr

155 2194 194 2237 ao
216 2172 303 2237 steht
325 2171 378 2236 bei
400 2170 589 2237 demselben
610 2174 677 2237 und
700 2173 752 2238 bei
775 2171 966 2238 Columella.

240 2296 267 2338 e.
291 2273 400 2338 Bevor
417 2274 499 2338 iiber
514 2273 568 2337 die
583 2273 799 2360 Verbindung
823 2275 909 2340 obest
928 2275 969 2340 ub
985 2295 1019 2340 eo
1040 2279 1077 2339 at
1096 2273 1279 2360 gosproche

156 2373 256 2458 wird,
286 2373 360 2438 sind
384 2373 438 2438 die
459 2376 669 2439 verwandten
692 2374 840 2440 Phrasen
862 2374 946 2441 ohne
968 2374 1033 2439 den
1056 2374 1182 2440 Zusatz
1205 2376 1279 2442 ube

156 2498 197 2540 zu
219 2475 404 2541 erwahnen.

240 2578 304 2642 Die
327 2576 509 2642 einfaohste
525 2576 695 2661 Satzform,
719 2579 803 2643 absit
823 2584 859 2643 ut
879 2579 976 2666 („dus
994 2580 1043 2644 sei
1059 2579 1161 2657 ferne,
1185 2577 1279 2642 dnss‘¹

155 2678 257 2744 findet
280 2679 349 2744 sich
370 2702 433 2743 nur
456 2679 508 2744 bei
532 2681 562 2743 A
570 2678 661 2765 pule
665 2681 750 2766 jus:
784 2690 860 2745 met.
883 2681 949 2754 2,3
972 2680 1060 2746 absit
1081 2717 1123 2728 -
1145 2690 1184 2745 ut
1204 2674 1279 2743 Milo

154 2803 227 2844 nem
261 2779 421 2866 hospitem
455 2781 525 2844 sine
559 2779 626 2844 ulla
659 2781 790 2866 querela
822 2783 981 2846 deseram.
1026 2782 1057 2860 8,
1082 2781 1122 2844 12
1149 2780 1279 2845 absitu

152 2880 262 2947 velim.

239 2983 308 3047 Das
330 2980 579 3069 unpersiinliohe
602 2988 724 3048 tontum
746 2984 831 3049 obest
851 2990 888 3049 at
909 2982 1047 3069 beginnt
1068 2992 1137 3048 eret
1158 2983 1212 3047 bei
1234 2981 1276 3047 ci

155 3105 245 3147 cern
268 3082 334 3146 und
357 3083 478 3147 bedorf
497 3084 613 3148 keiner
636 3085 768 3169 Belege.
807 3085 1047 3150 Persiinlieh
1070 3084 1159 3150 steht
1181 3104 1216 3149 es
1236 3104 1279 3147 nu

154 3185 207 3248 bei
236 3184 487 3249 unklassisohen
516 3184 791 3270 Sehriltstellern,
824 3189 888 3252 wie
917 3188 962 3251 im
990 3185 1090 3250 Bell.
1117 3184 1279 3250 Alex.2:

153 3287 274 3351 milites
307 3288 409 3350 nostri
437 3296 563 3351 tantum
589 3287 764 3352 abluerunt
791 3298 828 3353 ut
854 3288 1142 3373 perturbarentur,
1175 3294 1279 3352 utet·

154 3386 328 3452 Vielleioht
348 3390 427 3453 aber
449 3387 532 3452 auch
555 3388 633 3453 Cio.
655 3391 746 3454 acad.
770 3389 791 3452 2
813 3391 843 3469 ξ.
862 3391 921 3453 117
944 3387 1000 3453 ille
1023 3390 1112 3472 inope
1132 3387 1238 3453 aberit
1254 3407 1279 3449 u

152 3489 352 3574 argumentis
375 3489 496 3554 eredat.

237 3590 301 3654 Die
323 3588 459 3673 Stellen,
482 3592 514 3654 in
537 3588 643 3656 denen
665 3593 705 3657 ab
728 3613 761 3657 eo
782 3591 1001 3676 hinnugefiigt
1021 3593 1077 3674 ist,
1101 3591 1208 3657 haben
1228 3587 1279 3653 de

155 3690 337 3774 Hauptsutz
367 3692 401 3754 in
428 3691 766 3778 unpersiinlieher
787 3692 889 3758 Form
909 3691 984 3756 und
1012 3693 1177 3777 beginnen
1199 3690 1279 3755 ebe!

152 3792 226 3857 falls
259 3792 314 3857 bei
344 3792 499 3875 Cicero,
533 3792 606 3857 sind
638 3793 718 3858 aber
746 3793 820 3858 sehr
848 3793 969 3858 selten:
1006 3792 1103 3858 Tuae.
1131 3795 1160 3875 1,
1179 3790 1279 3876 31st

152 3903 277 3958 tantum
306 3903 414 3957 antem
442 3892 536 3957 abest
557 3893 599 3958 ab
622 3917 659 3959 eo
682 3906 719 3959 ut
740 3894 860 3959 malum
883 3916 969 3959 mors
992 3895 1100 3958 sit-
1122 3907 1160 3959 nt
1180 3910 1279 3959 vere!

152 4017 193 4060 ne
216 4004 272 4062 ott.
310 3990 412 4058 'Anch
436 3994 487 4059 bei
509 3994 652 4060 Livius
680 4019 742 4060 nur
764 3997 827 4061 ein
849 3993 933 4059 Mal:
970 3995 1075 4074 25‚6,
1100 3998 1138 4059 11
1167 4003 1279 4062 tantu:

151 4095 236 4160 afuit
262 4096 305 4159 ab
327 4116 365 4159 eo
387 4103 424 4158 nt
444 4094 513 4158 ulla
533 4095 714 4179 ignominie
740 4133 781 4146 —
804 4105 1030 4182 quaereretur,
1057 4106 1095 4161 ut
1116 4098 1215 4162 etiam
1235 4102 1279 4161 οΙ

152 4197 215 4261 Mit
236 4196 406 4279 negativer
429 4196 526 4259 Form
555 4197 620 4261 und
648 4196 838 4282 folgendem
860 4200 939 4279 quia
960 4199 1043 4262 auch
1068 4198 1180 4264 Caes.
1203 4194 1279 4280 lt..

152 4298 216 4379 1),2
238 4318 343 4382 neque
364 4297 499 4362 multum
522 4297 638 4362 abesse
660 4300 702 4362 ab
726 4320 763 4362 eo
785 4299 873 4383 quin.

236 4398 268 4462 d.
292 4398 360 4463 Pro
382 4419 415 4463 eo
436 4402 473 4462 ut
492 4402 596 4480 „statt
617 4398 716 4463 dass“
739 4420 801 4462 nur
823 4400 877 4463 ein
897 4398 965 4464 Mal
988 4399 1042 4464 bei
1064 4401 1150 4466 Liv.
1165 4401 1217 4482 22,
1232 4403 1260 4482 1,
