2948 4988
494 335 495 339 ’
566 353 608 363 -
651 314 798 380 525.-

49 508 206 579 genus
229 485 398 551 bominum
421 484 601 549 -adres
624 483 817 549 iudicandas
840 485 987 572 requirit.
1028 508 1060 572 p.
1075 485 1192 552 Flacco
1210 488 1248 552 lt
1375 480 1380 511 '

53 613 157 658 cum
202 609 283 653 vero
316 587 345 650 is
370 624 408 634 -
437 595 562 651 tantum
591 586 672 651 dicit
698 635 718 668 ‚,
728 586 801 651 dedi
811 588 840 664 “‚
871 585 1084 670 dubitabitis,
1112 586 1248 671 iudices,

61 691 168 777 quin
203 687 248 782 ab
270 687 333 751 boc
355 725 396 736 —
418 686 658 752 nobilissimum
682 690 788 752 civem
811 686 1011 753 vindicetis?
1048 688 1133 774 legg.
1148 690 1178 769 3,
1197 690 1247 769 10,

66 791 115 858 24
146 811 242 854 cum
264 789 340 853 deni
362 798 531 872 creantur,
558 788 732 854 nonnullos
754 789 787 852 in
811 790 897 853 omni
921 791 1075 854 memoria
1104 792 1247 877 reperies

74 891 303 980 perniciosos
319 890 468 955 tribunos
485 891 613 973 (Baiter
631 889 714 955 nach
731 889 954 956 sehleebteren
969 890 1245 957 Handscbriften:

80 993 280 1079 creentur).
318 993 381 1057 Mit
404 990 614 1078 temporalem
638 991 802 1057 Adverb
826 993 869 1059 im
893 992 1089 1078 Hauptsats,
1113 1016 1149 1059 so
1172 996 1247 1058 dass

85 1093 147 1155 der
174 1093 371 1158 Nebcnsatz
394 1092 571 1158 erkltlrend
594 1094 648 1158 ist:
672 1093 714 1156 ad
737 1094 807 1162 Att.
828 1094 858 1175 3,
875 1094 927 1176 22,
953 1095 967 1157 l
993 1094 1052 1158 sed
1073 1095 1150 1177 iam,
1173 1118 1247 1159 cum

10 1274 13 1285 Ι
90 1191 282 1260 adventare
305 1193 424 1259 milites
448 1193 619 1274 dicuntur,
647 1195 835 1263 laciendum
864 1194 958 1260 nobis
987 1196 1049 1259 erit
1079 1205 1115 1260 ut
1143 1198 1185 1261 ab
1208 1218 1246 1262 co

10 1288 12 1293 ’
94 1290 321 1361 discedamus.
355 1295 464 1382 (Doch
487 1296 573 1362 steht
597 1296 640 1358 im
657 1296 728 1360 cod.
744 1296 861 1363 Medic.
883 1297 1050 1382 dicentur.)
1094 1296 1178 1362 Liv.
1194 1298 1246 1374 36,

100 1392 183 1467 t.2
213 1398 349 1463 eandem
383 1397 578 1462 sententiam
612 1396 781 1479 dixissem,
817 1418 913 1483 quam
948 1396 1061 1480 hodie,
1098 1420 1172 1463 cum
1205 1397 1246 1462 de

95 1488 269 1564 ¹Thessalis
290 1500 413 1584 agitur,
440 1500 556 1564 dicam.
584 1537 626 1546 -
655 1499 813 1563 Praesens
841 1498 907 1562 und
931 1497 1093 1582 logisches
1117 1499 1248 1564 Perlect

41 1628 45 1645 2
105 1590 146 1652 lm
173 1596 373 1666 Nebensatz:
403 1601 513 1686 Virg.
539 1600 870 1687 12,?Ob·nunquam
894 1601 1074 1665 -fundet
1102 1600 1247 1686 virgulta

108 1709 169 1757 1¹00
190 1702 331 1786 umbras,
355 1724 428 1767 cum
451 1702 551 1766 semel
573 1739 615 1750 -
637 1711 740 1766 matre
763 1712 853 1767 caret
875 1702 1047 1788 posuitque
1063 1724 1173 1767 comas
1188 1711 1245 1768 ctt.

107 1785 230 1867 Weiter
250 1803 294 1868 ist
316 1804 424 1868 niebts
448 1803 605 1868 bekannt.
643 1804 802 1887 Dagcgen
818 1802 920 1868 findet
935 1804 1005 1869 sich
1027 1803 1119 1869 nicht
1141 1803 1245 1869 seltcn

107 1908 183 1962 mm
203 1904 375 1970 Ausdruels
398 1905 457 1968 der
479 1903 773 1989 Gleiehzeitigkeit
795 1905 830 1969 in
852 1904 910 1968 der
932 1905 1085 1970 Zukunlt

121 2086 127 2102 ι
192 2003 220 2070 b.
248 2005 309 2071 das
331 2007 417 2071 Fut.
440 2005 458 2069 I
481 2005 576 2071 oder
599 2006 640 2071 ll
667 2007 710 2071 im
740 2005 945 2090 Nebensatz,
973 2008 1027 2071 ein
1055 2028 1245 2093 praesen·

107 2096 256 2172 lltobes
278 2107 452 2194 Tempus
475 2109 519 2172 im
543 2107 736 2195 Hauptsatz.
774 2108 870 2173 Cato
893 2131 920 2172 r.
943 2131 968 2172 r.
993 2109 1035 2173 23
1058 2131 1141 2195 quae
1163 2131 1245 2195 opus

110 2209 202 2289 ⁸¹¹nt,
226 2230 323 2295 quom
346 2206 445 2296 pluet.
490 2208 619 2275 Plaut.
649 2209 739 2275 Trin.
768 2211 831 2274 423
864 2220 958 2295 pater
985 2233 1081 2297 quom
1110 2233 1245 2296 peregre

72 2356 75 2363 .
107 2309 225 2405 leniet,
247 2311 281 2374 in
305 2319 432 2398 portast
454 2309 552 2376 locus.
590 2311 673 2376 Ter.
698 2309 778 2374 Her.
794 2310 857 2375 299
879 2312 964 2397 quod
988 2335 1083 2398 quom
1106 2314 1154 2378 ita
1175 2334 1246 2376 esse

107 2415 266 2509 {nvenera
289 2411 369 2498 quid
391 2421 492 2477 restat
520 2415 584 2477 nisi
606 2434 702 2498 porro
731 2422 767 2478 ut
794 2412 868 2476 fiam
891 2413 1011 2478 miser?
1055 2413 1190 2479 Sodann
1211 2416 1245 2479 in

111 2503 281 2578 udireem
303 2514 403 2598 Rede,
426 2537 452 2578 s.
476 2514 561 2579 oben
583 2516 624 2596 A,
648 2514 679 2593 2,
700 2535 721 2577 a
742 2513 810 2578 und
832 2513 982 2580 Ltibbert
1003 2513 1036 2579 S.
1060 2516 1132 2579 211.

189 2612 262 2680 [lic.
285 2614 375 2680 Lael.
397 2616 449 2700 22,
471 2616 513 2680 82
535 2619 567 2681 in
590 2614 712 2681 talibus
738 2653 775 2663 -
799 2616 961 2681 stabilitas
985 2616 1148 2681 amicitiae
1170 2639 1244 2682 con·

111 2699 224 2780 firmari
251 2725 377 2803 potest,
405 2739 476 2783 cum
502 2716 835 2803 -imperabunt-
862 2717 1063 2802 gaudebunt.
1108 2719 1149 2783 85
1170 2742 1244 2783 cum

113 2801 317 2902 indicaveris,
352 2818 490 2904 diligere
518 2829 662 2907 oportet,
690 2841 754 2884 non
782 2841 855 2883 cum
885 2817 1053 2901 dilexeris,
1087 2818 1243 2885 iudicare.

10 2960 22 3004 Ι.
115 2905 179 2978 Α11.
202 2921 226 2998 1,
248 2922 266 2984 ‘l
289 2941 418 2985 omnem
440 2943 533 3006 spem
555 2958 611 3003 —,
634 2943 749 3008 quam,
772 2942 846 2984 cum
868 2922 900 2984 in
923 2921 1022 2984 otium
1048 2922 1242 3001 venerimus,

114 3002 224 3084 habere
244 3021 406 3086 volumus.
451 3031 529 3087 orat.
546 3023 588 3088 55
610 3044 691 3109 quos
715 3043 787 3086 cum
810 3030 907 3087 cantu
930 3022 1133 3107 spoliaveris,
1156 3022 1245 3087 nuda

10 3148 32 3207 5¹.
117 3127 207 3191 paene
226 3133 375 3188 remanet
393 3125 507 3189 oratio.
553 3123 638 3189 Val.
662 3124 765 3190 Max.
787 3125 819 3206 4,
836 3123 902 3206 8,l
926 3146 1001 3188 cum
1022 3123 1065 3188 ab
1086 3123 1138 3188 his
1160 3125 1245 3210 oric-¹

10 3265 28 3331 Ξ,
117 3218 173 3297 t¹1¹,
192 3231 264 3289 tnnc
285 3223 416 3289 demum
439 3228 469 3290 ei
491 3228 575 3291 ratio
599 3234 737 3292 constat.

191 3323 274 3391 Weit
303 3326 505 3391 zablroiche'r
525 3328 599 3391 sind
622 3326 676 3391 die
699 3327 725 3392 F
726 3326 806 3411 alle,
837 3350 885 3392 wo
909 3326 968 3390 der
988 3325 1175 3412 Hauptsatz
1198 3328 1242 3393 im
1368 3334 1374 3350 “

121 3407 367 3512 lonjunctiv‚
391 3426 616 3516 Imperativ
639 3429 718 3494 oder
740 3429 938 3493 Infinitiv
960 3427 1062 3510 steht3
1086 3449 1121 3492 so
1143 3428 1243 3493 schon

123 3505 166 3582 191
191 3525 281 3595 Cato
309 3536 384 3593 r.'r.
411 3534 425 3593 1
459 3531 629 3616 praedium
658 3552 753 3616 quom
783 3551 898 3617 parare
925 3530 1101 3614 cogitabis,
1135 3531 1182 3594 sio
1209 3531 1242 3594 in

10 3625 37 3693 τ’
88 3680 91 3685 ,
124 3617 210 3692 nim,
235 3629 364 3700 habeto.
407 3633 438 3696 5.
460 3633 512 3697 25.
535 3634 574 3697 31
599 3632 666 3696 und
698 3631 792 3696 bfter.
836 3632 877 3696 53
900 3653 996 3718 quom
1026 3630 1175 3696 arabitur
1205 3669 1241 3680 -

10 3714 13 3721 .
43 3800 47 3805 .
127 3707 172 3783 3²
194 3734 271 3815 qnod
297 3731 409 3798 edant.
452 3734 495 3798 54
522 3752 564 3798 ne
591 3732 724 3798 herbam
752 3741 934 3816 sectentur,
967 3755 1063 3819 quom
1091 3734 1241 3797 arabunt.

128 3809 231 3900 plaut,
244 3833 367 3922 Amph.
391 3834 450 3899 197
473 3857 513 3901 ca
534 3859 619 3902 nunc
641 3836 824 3902 meditabor
847 3855 909 3920 quo
931 3833 1028 3900 modo
1051 3832 1100 3897 illi
1122 3833 1241 3911 dicam,

130 3932 204 4001 tuom
219 3934 274 4002 illo
296 3934 473 4002 advenero.
518 3938 603 4002 Rud.
628 3938 720 4002 1206.
749 3937 868 4002 Pseud.
894 3937 964 4000 163.
999 3935 1073 4000 Cas.
1096 3936 1126 4017 3,
1152 3937 1177 4012 1,
1203 3936 1242 3998 13

30 4054 45 4073 “
131 4034 204 4103 illm
221 4041 360 4121 veniam,
383 4048 510 4105 vocent.
548 4038 617 4103 mil.
635 4039 697 4105 933
712 4039 796 4105 hano
813 4037 855 4104 ad
871 4060 939 4117 nos,
964 4060 1060 4123 quom
1077 4034 1241 4121 extemplo

45 4216 49 4221 ⁵
133 4125 216 4202 ⁸furo
234 4141 421 4224 veniemus,
448 4142 612 4207 mittitote.
657 4141 750 4204 Asin.
773 4141 845 4205 372.
868 4141 940 4204 315.
971 4136 1035 4203 mil.
1058 4138 1121 4202 359
1144 4136 1241 4200 credo

10 4266 32 4318 '.
133 4254 161 4277 “·
184 4236 235 4307 libi
268 4264 341 4308 esse
373 4246 573 4330 pereundum
607 4280 648 4290 -
680 4242 863 4329 patibulum
899 4262 995 4326 quom
1026 4238 1169 4304 habebis.
1199 4275 1241 4286 -
1311 4281 1317 4294 ·

10 4358 29 4421 25
132 4314 349 4429 Bloniglacber
380 4346 448 4411 und
478 4344 628 4430 bttufiger
656 4345 718 4410 seit
746 4343 903 4409 Cicero:
937 4351 1016 4407 orat.
1047 4342 1104 4421 13,
1135 4341 1175 4404 41
1204 4349 1242 4405 ut

10 4459 25 4513 ἱ
131 4432 232 4513 &uine
257 4448 377 4514 mirum
404 4446 552 4514 futurum
578 4448 638 4531 sit,
666 4448 711 4531 si,
745 4467 817 4512 cum
845 4453 951 4509 aetate
979 4442 1172 4531 processerit
1199 4481 1241 4493 -
