<?xml version="1.0" encoding="UTF-8"?>
<!DOCTYPE html PUBLIC "-//W3C//DTD XHTML 1.0 Transitional//EN"
    "http://www.w3.org/TR/xhtml1/DTD/xhtml1-transitional.dtd">
<html xmlns="http://www.w3.org/1999/xhtml" xml:lang="en" lang="en">
 <head>
  <title>
</title>
<meta http-equiv="Content-Type" content="text/html;charset=utf-8" />
  <meta name='ocr-system' content='tesseract 3.04.00' />
  <meta name='ocr-capabilities' content='ocr_page ocr_carea ocr_par ocr_line ocrx_word'/>
</head>
<body>
  <div class='ocr_page' id='page_1' title='image "./historischesynt01draegoog/historischesynt01draegoog_0252.png"; bbox 0 0 2948 4988; ppageno 0'>
   <div class='ocr_carea' id='block_1_1' title="bbox 323 262 687 341">
    <p class='ocr_par' dir='ltr' id='par_1_1' title="bbox 323 262 687 341">
     <span class='ocr_line' id='line_1_1' title="bbox 323 262 687 341; baseline 0.003 -1"><span class='ocrx_word' id='word_1_1' title='bbox 323 262 326 267; x_wconf 85' lang='grc'><strong>’</strong></span> <span class='ocrx_word' id='word_1_2' title='bbox 461 278 687 341; x_wconf 74' lang='grc'>-121-</span> 
     </span>
    </p>
   </div>
   <div class='ocr_carea' id='block_1_2' title="bbox 141 446 1145 3069">
    <p class='ocr_par' dir='ltr' id='par_1_2' title="bbox 141 446 1145 3069">
     <span class='ocr_line' id='line_1_2' title="bbox 142 446 1141 532; baseline -0.002 -21"><span class='ocrx_word' id='word_1_3' title='bbox 142 446 231 511; x_wconf 88' lang='lat' dir='ltr'><strong>alum</strong></span> <span class='ocrx_word' id='word_1_4' title='bbox 265 455 314 511; x_wconf 88' lang='lat' dir='ltr'><strong>est</strong></span> <span class='ocrx_word' id='word_1_5' title='bbox 342 468 470 512; x_wconf 84' lang='lat' dir='ltr'><strong>nocere.</strong></span> <span class='ocrx_word' id='word_1_6' title='bbox 513 448 614 529; x_wconf 80' lang='grc'>4,11,</span> <span class='ocrx_word' id='word_1_7' title='bbox 638 448 677 511; x_wconf 84' lang='grc'>18</span> <span class='ocrx_word' id='word_1_8' title='bbox 705 455 742 511; x_wconf 88' lang='lat' dir='ltr'><strong>ut</strong></span> <span class='ocrx_word' id='word_1_9' title='bbox 769 447 853 511; x_wconf 87' lang='lat' dir='ltr'><strong>scias</strong></span> <span class='ocrx_word' id='word_1_10' title='bbox 880 449 958 532; x_wconf 85' lang='lat' dir='ltr'><strong>quia</strong></span> <span class='ocrx_word' id='word_1_11' title='bbox 986 469 1046 532; x_wconf 86' lang='lat' dir='ltr'><strong>ego</strong></span> <span class='ocrx_word' id='word_1_12' title='bbox 1069 468 1141 510; x_wconf 89' lang='lat' dir='ltr'><strong>sum</strong></span> 
     </span>
     <span class='ocr_line' id='line_1_3' title="bbox 142 545 1141 635; baseline -0.004 -22"><span class='ocrx_word' id='word_1_13' title='bbox 142 571 152 613; x_wconf 83' lang='lat' dir='ltr'><strong>s</strong></span> <span class='ocrx_word' id='word_1_14' title='bbox 174 549 278 613; x_wconf 87' lang='lat' dir='ltr'><strong>Dens.</strong></span> <span class='ocrx_word' id='word_1_15' title='bbox 312 547 389 613; x_wconf 90' lang='lat' dir='ltr'><strong>Und</strong></span> <span class='ocrx_word' id='word_1_16' title='bbox 411 569 448 612; x_wconf 88' lang='lat' dir='ltr'><strong>so</strong></span> <span class='ocrx_word' id='word_1_17' title='bbox 469 549 514 613; x_wconf 82' lang='lat' dir='ltr'><strong>ist</strong></span> <span class='ocrx_word' id='word_1_18' title='bbox 535 569 569 613; x_wconf 89' lang='lat' dir='ltr'><strong>es</strong></span> <span class='ocrx_word' id='word_1_19' title='bbox 592 547 646 612; x_wconf 87' lang='lat' dir='ltr'><strong>bei</strong></span> <span class='ocrx_word' id='word_1_20' title='bbox 668 547 865 631; x_wconf 77' lang='lat' dir='ltr'><strong>Tertullian,</strong></span> <span class='ocrx_word' id='word_1_21' title='bbox 890 547 1046 635; x_wconf 78' lang='lat' dir='ltr'><strong>Cypriam,</strong></span> <span class='ocrx_word' id='word_1_22' title='bbox 1069 545 1141 611; x_wconf 85' lang='lat' dir='ltr'><strong>Ful-</strong></span> 
     </span>
     <span class='ocr_line' id='line_1_4' title="bbox 142 648 1140 736; baseline -0.002 -22"><span class='ocrx_word' id='word_1_23' title='bbox 142 700 145 724; x_wconf 88' lang='grc'>,</span> <span class='ocrx_word' id='word_1_24' title='bbox 175 648 340 736; x_wconf 81' lang='lat' dir='ltr'>Sulpicius</span> <span class='ocrx_word' id='word_1_25' title='bbox 363 649 514 714; x_wconf 84' lang='lat' dir='ltr'><strong>Severus.</strong></span> <span class='ocrx_word' id='word_1_26' title='bbox 548 685 587 696; x_wconf 96' lang='lat'>-</span> <span class='ocrx_word' id='word_1_27' title='bbox 621 649 683 714; x_wconf 85' lang='lat' dir='ltr'><strong>Mit</strong></span> <span class='ocrx_word' id='word_1_28' title='bbox 705 653 856 732; x_wconf 72' lang='lat' dir='ltr'><strong>qnoniam</strong></span> <span class='ocrx_word' id='word_1_29' title='bbox 883 651 960 716; x_wconf 82' lang='lat' dir='ltr'><strong>weit</strong></span> <span class='ocrx_word' id='word_1_30' title='bbox 981 648 1140 714; x_wconf 79' lang='lat' dir='ltr'>seltener:</span> 
     </span>
     <span class='ocr_line' id='line_1_5' title="bbox 142 750 1142 837; baseline -0.001 -23"><span class='ocrx_word' id='word_1_31' title='bbox 142 752 161 833; x_wconf 82' lang='grc'><strong>1,</strong></span> <span class='ocrx_word' id='word_1_32' title='bbox 179 751 229 832; x_wconf 89' lang='lat'><strong>18,</strong></span> <span class='ocrx_word' id='word_1_33' title='bbox 245 750 287 814; x_wconf 87' lang='grc'><strong>22</strong></span> <span class='ocrx_word' id='word_1_34' title='bbox 308 751 450 836; x_wconf 81' lang='lat' dir='ltr'><strong>cogitate</strong></span> <span class='ocrx_word' id='word_1_35' title='bbox 473 760 506 815; x_wconf 87' lang='lat' dir='ltr'><strong>et</strong></span> <span class='ocrx_word' id='word_1_36' title='bbox 526 751 682 817; x_wconf 78' lang='lat' dir='ltr'><strong>ascendat</strong></span> <span class='ocrx_word' id='word_1_37' title='bbox 703 753 737 816; x_wconf 90' lang='lat' dir='ltr'><strong>in</strong></span> <span class='ocrx_word' id='word_1_38' title='bbox 759 773 816 816; x_wconf 86' lang='lat' dir='ltr'><strong>eor</strong></span> <span class='ocrx_word' id='word_1_39' title='bbox 831 761 974 816; x_wconf 85' lang='lat' dir='ltr'><strong>vestrum</strong></span> <span class='ocrx_word' id='word_1_40' title='bbox 990 751 1142 837; x_wconf 85' lang='lat' dir='ltr'><strong>quoniam</strong></span> 
     </span>
     <span class='ocr_line' id='line_1_6' title="bbox 142 850 1142 938; baseline -0.002 -22"><span class='ocrx_word' id='word_1_41' title='bbox 142 875 156 916; x_wconf 92' lang='lat' dir='ltr'><strong>s</strong></span> <span class='ocrx_word' id='word_1_42' title='bbox 179 850 349 916; x_wconf 89' lang='lat' dir='ltr'><strong>humiliare</strong></span> <span class='ocrx_word' id='word_1_43' title='bbox 372 875 446 917; x_wconf 86' lang='lat' dir='ltr'><strong>enm</strong></span> <span class='ocrx_word' id='word_1_44' title='bbox 467 853 502 916; x_wconf 93' lang='lat' dir='ltr'><strong>in</strong></span> <span class='ocrx_word' id='word_1_45' title='bbox 524 853 628 937; x_wconf 85' lang='lat' dir='ltr'><strong>signo.</strong></span> <span class='ocrx_word' id='word_1_46' title='bbox 666 853 843 938; x_wconf 83' lang='lat' dir='ltr'><strong>Cyprian</strong></span> <span class='ocrx_word' id='word_1_47' title='bbox 865 853 960 938; x_wconf 81' lang='lat' dir='ltr'><strong>epist.</strong></span> <span class='ocrx_word' id='word_1_48' title='bbox 978 853 1017 916; x_wconf 89' lang='grc'><strong>16</strong></span> <span class='ocrx_word' id='word_1_49' title='bbox 1040 851 1142 917; x_wconf 87' lang='lat' dir='ltr'><strong>scien·</strong></span> 
     </span>
     <span class='ocr_line' id='line_1_7' title="bbox 142 949 1104 1040; baseline 0 -23"><span class='ocrx_word' id='word_1_50' title='bbox 142 955 226 1017; x_wconf 88' lang='lat' dir='ltr'><strong>niam</strong></span> <span class='ocrx_word' id='word_1_51' title='bbox 249 963 322 1019; x_wconf 81' lang='lat' dir='ltr'><strong>utar</strong></span> <span class='ocrx_word' id='word_1_52' title='bbox 344 975 382 1017; x_wconf 86' lang='lat' dir='ltr'><strong>ea</strong></span> <span class='ocrx_word' id='word_1_53' title='bbox 403 949 625 1019; x_wconf 79' lang='lat' dir='ltr'>admonitione</span> <span class='ocrx_word' id='word_1_54' title='bbox 646 953 755 1040; x_wconf 81' lang='lat' dir='ltr'><strong>(stattz</strong></span> <span class='ocrx_word' id='word_1_55' title='bbox 779 977 830 1020; x_wconf 92' lang='lat' dir='ltr'><strong>me</strong></span> <span class='ocrx_word' id='word_1_56' title='bbox 851 975 986 1019; x_wconf 85' lang='lat' dir='ltr'><strong>usurum</strong></span> <span class='ocrx_word' id='word_1_57' title='bbox 1009 953 1104 1038; x_wconf 88' lang='lat' dir='ltr'><strong>esse).</strong></span> 
     </span>
     <span class='ocr_line' id='line_1_8' title="bbox 142 1054 1141 1138; baseline 0.001 -19"><span class='ocrx_word' id='word_1_58' title='bbox 142 1056 208 1120; x_wconf 75' lang='lat'><strong>381.</strong></span> <span class='ocrx_word' id='word_1_59' title='bbox 261 1054 351 1135; x_wconf 74' lang='lat' dir='ltr'><em>Quod</em></span> <span class='ocrx_word' id='word_1_60' title='bbox 382 1055 572 1121; x_wconf 83' lang='lat' dir='ltr'><strong>bezeichnet</strong></span> <span class='ocrx_word' id='word_1_61' title='bbox 598 1054 681 1120; x_wconf 86' lang='lat' dir='ltr'><strong>nach</strong></span> <span class='ocrx_word' id='word_1_62' title='bbox 707 1061 836 1138; x_wconf 75' lang='lat' dir='ltr'><strong>praeter</strong></span> <span class='ocrx_word' id='word_1_63' title='bbox 863 1077 975 1138; x_wconf 74' lang='lat' dir='ltr'><strong>qstnm,</strong></span> <span class='ocrx_word' id='word_1_64' title='bbox 1003 1059 1141 1138; x_wconf 70' lang='lat' dir='ltr'><strong>praeter,</strong></span> 
     </span>
     <span class='ocr_line' id='line_1_9' title="bbox 142 1154 1144 1240; baseline -0.003 -19"><span class='ocrx_word' id='word_1_65' title='bbox 142 1178 232 1239; x_wconf 76' lang='lat' dir='ltr'><strong>uana,</strong></span> <span class='ocrx_word' id='word_1_66' title='bbox 255 1159 298 1221; x_wconf 78' lang='lat' dir='ltr'><strong>ad</strong></span> <span class='ocrx_word' id='word_1_67' title='bbox 318 1158 362 1238; x_wconf 76' lang='lat' dir='ltr'><strong>id,</strong></span> <span class='ocrx_word' id='word_1_68' title='bbox 384 1176 478 1239; x_wconf 69' lang='lat' dir='ltr'><strong>stipor</strong></span> <span class='ocrx_word' id='word_1_69' title='bbox 498 1159 542 1240; x_wconf 79' lang='lat' dir='ltr'><strong>id,</strong></span> <span class='ocrx_word' id='word_1_70' title='bbox 564 1161 686 1239; x_wconf 64' lang='lat' dir='ltr'><strong>exepto</strong></span> <span class='ocrx_word' id='word_1_71' title='bbox 708 1159 780 1222; x_wconf 87' lang='lat' dir='ltr'><strong>eine</strong></span> <span class='ocrx_word' id='word_1_72' title='bbox 802 1157 997 1239; x_wconf 85' lang='lat' dir='ltr'><strong>Thatsache‚</strong></span> <span class='ocrx_word' id='word_1_73' title='bbox 1021 1179 1062 1220; x_wconf 84' lang='lat' dir='ltr'><strong>zu</strong></span> <span class='ocrx_word' id='word_1_74' title='bbox 1084 1154 1144 1218; x_wconf 82' lang='lat' dir='ltr'><strong>der</strong></span> 
     </span>
     <span class='ocr_line' id='line_1_10' title="bbox 142 1256 1143 1344; baseline -0.004 -22"><span class='ocrx_word' id='word_1_75' title='bbox 142 1257 227 1323; x_wconf 73' lang='lat' dir='ltr'><strong>idere</strong></span> <span class='ocrx_word' id='word_1_76' title='bbox 255 1258 300 1321; x_wconf 88' lang='lat' dir='ltr'><strong>im</strong></span> <span class='ocrx_word' id='word_1_77' title='bbox 328 1256 513 1344; x_wconf 84' lang='lat' dir='ltr'><strong>Hauptsatz</strong></span> <span class='ocrx_word' id='word_1_78' title='bbox 548 1258 734 1323; x_wconf 81' lang='lat' dir='ltr'><strong>anthaltene</strong></span> <span class='ocrx_word' id='word_1_79' title='bbox 760 1259 946 1339; x_wconf 82' lang='lat' dir='ltr'><strong>hinzutritt‚</strong></span> <span class='ocrx_word' id='word_1_80' title='bbox 980 1257 1057 1322; x_wconf 88' lang='lat' dir='ltr'><strong>oder</strong></span> <span class='ocrx_word' id='word_1_81' title='bbox 1084 1256 1143 1320; x_wconf 89' lang='lat' dir='ltr'><strong>der</strong></span> 
     </span>
     <span class='ocr_line' id='line_1_11' title="bbox 142 1348 1142 1445; baseline 0.001 -24"><span class='ocrx_word' id='word_1_82' title='bbox 142 1358 189 1423; x_wconf 85' lang='lat' dir='ltr'><strong>ies</strong></span> <span class='ocrx_word' id='word_1_83' title='bbox 205 1359 427 1424; x_wconf 84' lang='lat' dir='ltr'><strong>Nebensatzes</strong></span> <span class='ocrx_word' id='word_1_84' title='bbox 443 1359 547 1425; x_wconf 86' lang='lat' dir='ltr'><strong>bildet</strong></span> <span class='ocrx_word' id='word_1_85' title='bbox 563 1361 635 1425; x_wconf 85' lang='lat' dir='ltr'><strong>eine</strong></span> <span class='ocrx_word' id='word_1_86' title='bbox 651 1361 841 1425; x_wconf 86' lang='lat' dir='ltr'><strong>Ausnahme</strong></span> <span class='ocrx_word' id='word_1_87' title='bbox 855 1382 930 1425; x_wconf 87' lang='lat' dir='ltr'><strong>vom</strong></span> <span class='ocrx_word' id='word_1_88' title='bbox 947 1348 1142 1445; x_wconf 67' lang='lat' dir='ltr'><strong>Haupisatz.</strong></span> 
     </span>
     <span class='ocr_line' id='line_1_12' title="bbox 144 1459 1142 1543; baseline -0.001 -19"><span class='ocrx_word' id='word_1_89' title='bbox 144 1459 279 1525; x_wconf 75' lang='lat' dir='ltr'><strong><em>Praeter</em></strong></span> <span class='ocrx_word' id='word_1_90' title='bbox 306 1482 403 1542; x_wconf 79' lang='lat' dir='ltr'><strong>quam</strong></span> <span class='ocrx_word' id='word_1_91' title='bbox 431 1464 514 1543; x_wconf 80' lang='lat' dir='ltr'><em>quod</em></span> <span class='ocrx_word' id='word_1_92' title='bbox 541 1461 627 1525; x_wconf 85' lang='lat' dir='ltr'><strong>steht</strong></span> <span class='ocrx_word' id='word_1_93' title='bbox 655 1472 763 1526; x_wconf 85' lang='lat' dir='ltr'><strong>zuerst</strong></span> <span class='ocrx_word' id='word_1_94' title='bbox 785 1462 838 1526; x_wconf 85' lang='lat' dir='ltr'><strong>bei</strong></span> <span class='ocrx_word' id='word_1_95' title='bbox 860 1463 943 1527; x_wconf 87' lang='lat' dir='ltr'>Ter.</span> <span class='ocrx_word' id='word_1_96' title='bbox 967 1459 1088 1525; x_wconf 86' lang='lat' dir='ltr'><strong>Heaut.</strong></span> <span class='ocrx_word' id='word_1_97' title='bbox 1111 1460 1142 1540; x_wconf 93' lang='grc'>2,</span> 
     </span>
     <span class='ocr_line' id='line_1_13' title="bbox 141 1561 1143 1650; baseline -0.002 -25"><span class='ocrx_word' id='word_1_98' title='bbox 141 1582 232 1625; x_wconf 90' lang='lat' dir='ltr'><strong>mnes</strong></span> <span class='ocrx_word' id='word_1_99' title='bbox 255 1562 333 1627; x_wconf 89' lang='lat' dir='ltr'><strong>mihi</strong></span> <span class='ocrx_word' id='word_1_100' title='bbox 355 1561 485 1627; x_wconf 85' lang='lat' dir='ltr'><strong>labores</strong></span> <span class='ocrx_word' id='word_1_101' title='bbox 507 1562 615 1646; x_wconf 85' lang='lat' dir='ltr'><strong>fuere,</strong></span> <span class='ocrx_word' id='word_1_102' title='bbox 649 1585 730 1649; x_wconf 91' lang='lat' dir='ltr'><strong>quos</strong></span> <span class='ocrx_word' id='word_1_103' title='bbox 753 1567 841 1650; x_wconf 88' lang='lat' dir='ltr'><strong>cepi,</strong></span> <span class='ocrx_word' id='word_1_104' title='bbox 875 1563 981 1642; x_wconf 88' lang='lat' dir='ltr'><strong>leves,</strong></span> <span class='ocrx_word' id='word_1_105' title='bbox 1013 1571 1143 1648; x_wconf 84' lang='lat' dir='ltr'><strong>praeter</strong></span> 
     </span>
     <span class='ocr_line' id='line_1_14' title="bbox 142 1662 1144 1750; baseline -0.002 -22"><span class='ocrx_word' id='word_1_106' title='bbox 142 1662 369 1728; x_wconf 69' lang='lat' dir='ltr'><strong>sisnandum</strong></span> <span class='ocrx_word' id='word_1_107' title='bbox 393 1665 479 1750; x_wconf 91' lang='lat' dir='ltr'>quod</span> <span class='ocrx_word' id='word_1_108' title='bbox 503 1673 572 1729; x_wconf 87' lang='lat' dir='ltr'><strong>erat</strong></span> <span class='ocrx_word' id='word_1_109' title='bbox 595 1666 744 1747; x_wconf 84' lang='lat' dir='ltr'><strong>(„ausse1·</strong></span> <span class='ocrx_word' id='word_1_110' title='bbox 765 1664 841 1729; x_wconf 85' lang='lat' dir='ltr'><strong>dass</strong></span> <span class='ocrx_word' id='word_1_111' title='bbox 852 1667 897 1749; x_wconf 85' lang='lat'><strong>“).</strong></span> <span class='ocrx_word' id='word_1_112' title='bbox 941 1666 1033 1729; x_wconf 87' lang='lat' dir='ltr'><strong>Aber</strong></span> <span class='ocrx_word' id='word_1_113' title='bbox 1054 1662 1144 1727; x_wconf 86' lang='lat' dir='ltr'><strong>nieht</strong></span> 
     </span>
     <span class='ocr_line' id='line_1_15' title="bbox 142 1765 1142 1853; baseline 0.001 -26"><span class='ocrx_word' id='word_1_114' title='bbox 142 1765 214 1848; x_wconf 82' lang='grc'>1,4,</span> <span class='ocrx_word' id='word_1_115' title='bbox 238 1766 294 1845; x_wconf 89' lang='grc'><strong>14,</strong></span> <span class='ocrx_word' id='word_1_116' title='bbox 327 1785 375 1829; x_wconf 89' lang='lat' dir='ltr'><strong>wo</strong></span> <span class='ocrx_word' id='word_1_117' title='bbox 404 1766 489 1846; x_wconf 77' lang='lat' dir='ltr'><em>quod</em></span> <span class='ocrx_word' id='word_1_118' title='bbox 515 1766 613 1831; x_wconf 82' lang='lat' dir='ltr'><strong>keine</strong></span> <span class='ocrx_word' id='word_1_119' title='bbox 636 1765 868 1853; x_wconf 80' lang='lat' dir='ltr'><strong>Oanjunction,</strong></span> <span class='ocrx_word' id='word_1_120' title='bbox 902 1765 1043 1831; x_wconf 87' lang='lat' dir='ltr'><strong>sondern</strong></span> <span class='ocrx_word' id='word_1_121' title='bbox 1065 1766 1142 1830; x_wconf 91' lang='lat' dir='ltr'><strong>Pro·</strong></span> 
     </span>
     <span class='ocr_line' id='line_1_16' title="bbox 142 1866 1143 1955; baseline -0.001 -25"><span class='ocrx_word' id='word_1_122' title='bbox 142 1867 194 1930; x_wconf 87' lang='lat' dir='ltr'><strong>ist.</strong></span> <span class='ocrx_word' id='word_1_123' title='bbox 233 1866 313 1930; x_wconf 82' lang='lat' dir='ltr'><strong>Cic.</strong></span> <span class='ocrx_word' id='word_1_124' title='bbox 337 1888 368 1951; x_wconf 92' lang='lat' dir='ltr'><strong>p.</strong></span> <span class='ocrx_word' id='word_1_125' title='bbox 393 1866 488 1932; x_wconf 89' lang='lat' dir='ltr'>domo</span> <span class='ocrx_word' id='word_1_126' title='bbox 510 1868 553 1931; x_wconf 89' lang='grc'><strong>20</strong></span> <span class='ocrx_word' id='word_1_127' title='bbox 574 1878 703 1953; x_wconf 83' lang='lat' dir='ltr'><strong>praeter</strong></span> <span class='ocrx_word' id='word_1_128' title='bbox 725 1890 821 1954; x_wconf 87' lang='lat' dir='ltr'><strong>quam</strong></span> <span class='ocrx_word' id='word_1_129' title='bbox 844 1867 930 1955; x_wconf 90' lang='lat' dir='ltr'>quod</span> <span class='ocrx_word' id='word_1_130' title='bbox 952 1890 994 1932; x_wconf 86' lang='lat' dir='ltr'><strong>ne</strong></span> <span class='ocrx_word' id='word_1_131' title='bbox 1016 1866 1051 1931; x_wconf 87' lang='lat' dir='ltr'><strong>id</strong></span> <span class='ocrx_word' id='word_1_132' title='bbox 1073 1867 1143 1949; x_wconf 87' lang='lat' dir='ltr'><strong>qui-</strong></span> 
     </span>
     <span class='ocr_line' id='line_1_17' title="bbox 145 1964 1141 2053; baseline 0 -22"><span class='ocrx_word' id='word_1_133' title='bbox 145 1990 161 2031; x_wconf 88' lang='lat' dir='ltr'>r</span> <span class='ocrx_word' id='word_1_134' title='bbox 188 1964 293 2050; x_wconf 86' lang='lat' dir='ltr'><strong>legem</strong></span> <span class='ocrx_word' id='word_1_135' title='bbox 316 1968 478 2032; x_wconf 75' lang='lat' dir='ltr'><strong>Liciniam</strong></span> <span class='ocrx_word' id='word_1_136' title='bbox 500 1968 673 2033; x_wconf 76' lang='lat' dir='ltr'><strong>-faeere</strong></span> <span class='ocrx_word' id='word_1_137' title='bbox 702 1970 843 2053; x_wconf 76' lang='lat' dir='ltr'><strong>potuisti.</strong></span> <span class='ocrx_word' id='word_1_138' title='bbox 887 1969 1001 2035; x_wconf 82' lang='lat' dir='ltr'><strong>Oefter</strong></span> <span class='ocrx_word' id='word_1_139' title='bbox 1022 1969 1057 2033; x_wconf 94' lang='lat' dir='ltr'><strong>in</strong></span> <span class='ocrx_word' id='word_1_140' title='bbox 1078 1967 1141 2032; x_wconf 89' lang='lat' dir='ltr'><strong>den</strong></span> 
     </span>
     <span class='ocr_line' id='line_1_18' title="bbox 142 2068 1143 2152; baseline 0.001 -21"><span class='ocrx_word' id='word_1_141' title='bbox 142 2068 285 2133; x_wconf 73' lang='lat' dir='ltr'><strong>»hischan</strong></span> <span class='ocrx_word' id='word_1_142' title='bbox 308 2068 474 2139; x_wconf 84' lang='lat' dir='ltr'><strong>Schriften</strong></span> <span class='ocrx_word' id='word_1_143' title='bbox 495 2070 563 2135; x_wconf 90' lang='lat' dir='ltr'><strong>und</strong></span> <span class='ocrx_word' id='word_1_144' title='bbox 585 2071 619 2134; x_wconf 90' lang='lat' dir='ltr'><strong>in</strong></span> <span class='ocrx_word' id='word_1_145' title='bbox 642 2069 706 2134; x_wconf 86' lang='lat' dir='ltr'><strong>den</strong></span> <span class='ocrx_word' id='word_1_146' title='bbox 726 2070 876 2134; x_wconf 78' lang='lat' dir='ltr'><strong>Briefen:</strong></span> <span class='ocrx_word' id='word_1_147' title='bbox 901 2070 942 2134; x_wconf 91' lang='lat' dir='ltr'><strong>de</strong></span> <span class='ocrx_word' id='word_1_148' title='bbox 964 2070 1032 2136; x_wconf 87' lang='lat' dir='ltr'><strong>div.</strong></span> <span class='ocrx_word' id='word_1_149' title='bbox 1054 2069 1143 2152; x_wconf 89' lang='grc'>2,12</span> 
     </span>
     <span class='ocr_line' id='line_1_19' title="bbox 142 2170 1142 2258; baseline -0.001 -25"><span class='ocrx_word' id='word_1_150' title='bbox 142 2192 172 2256; x_wconf 88' lang='lat' dir='ltr'><strong>p.</strong></span> <span class='ocrx_word' id='word_1_151' title='bbox 197 2193 227 2256; x_wconf 91' lang='lat' dir='ltr'><strong>q.</strong></span> <span class='ocrx_word' id='word_1_152' title='bbox 252 2192 283 2255; x_wconf 88' lang='lat' dir='ltr'><strong>q.</strong></span> <span class='ocrx_word' id='word_1_153' title='bbox 333 2170 404 2233; x_wconf 86' lang='lat' dir='ltr'><strong>fieri</strong></span> <span class='ocrx_word' id='word_1_154' title='bbox 436 2193 501 2234; x_wconf 87' lang='lat' dir='ltr'><strong>non</strong></span> <span class='ocrx_word' id='word_1_155' title='bbox 534 2172 656 2257; x_wconf 84' lang='lat' dir='ltr'><strong>potuit,</strong></span> <span class='ocrx_word' id='word_1_156' title='bbox 690 2194 731 2236; x_wconf 85' lang='lat' dir='ltr'><strong>ne</strong></span> <span class='ocrx_word' id='word_1_157' title='bbox 757 2171 838 2256; x_wconf 79' lang='lat' dir='ltr'><strong>fingi</strong></span> <span class='ocrx_word' id='word_1_158' title='bbox 866 2171 998 2258; x_wconf 89' lang='lat' dir='ltr'><strong>quidem</strong></span> <span class='ocrx_word' id='word_1_159' title='bbox 1026 2179 1142 2258; x_wconf 82' lang='lat' dir='ltr'><strong>potest.</strong></span> 
     </span>
     <span class='ocr_line' id='line_1_20' title="bbox 142 2270 1143 2360; baseline -0.001 -25"><span class='ocrx_word' id='word_1_160' title='bbox 142 2272 190 2352; x_wconf 90' lang='grc'><strong>,1,</strong></span> <span class='ocrx_word' id='word_1_161' title='bbox 206 2273 237 2336; x_wconf 90' lang='grc'><strong>3.</strong></span> <span class='ocrx_word' id='word_1_162' title='bbox 267 2272 309 2335; x_wconf 88' lang='lat' dir='ltr'><strong>ad</strong></span> <span class='ocrx_word' id='word_1_163' title='bbox 326 2270 392 2351; x_wconf 83' lang='lat' dir='ltr'><strong>Qu.</strong></span> <span class='ocrx_word' id='word_1_164' title='bbox 408 2272 447 2337; x_wconf 85' lang='lat' dir='ltr'><strong>fr.</strong></span> <span class='ocrx_word' id='word_1_165' title='bbox 464 2273 495 2355; x_wconf 83' lang='lat'><strong>2,</strong></span> <span class='ocrx_word' id='word_1_166' title='bbox 515 2276 597 2353; x_wconf 91' lang='grc'>14,1</span> <span class='ocrx_word' id='word_1_167' title='bbox 623 2296 674 2338; x_wconf 88' lang='lat' dir='ltr'><strong>ma</strong></span> <span class='ocrx_word' id='word_1_168' title='bbox 689 2296 722 2360; x_wconf 89' lang='lat' dir='ltr'><strong>p.</strong></span> <span class='ocrx_word' id='word_1_169' title='bbox 740 2297 769 2360; x_wconf 93' lang='lat' dir='ltr'><strong>q.</strong></span> <span class='ocrx_word' id='word_1_170' title='bbox 785 2297 816 2360; x_wconf 92' lang='lat' dir='ltr'><strong>q.</strong></span> <span class='ocrx_word' id='word_1_171' title='bbox 841 2276 911 2338; x_wconf 89' lang='lat' dir='ltr'><strong>sine</strong></span> <span class='ocrx_word' id='word_1_172' title='bbox 933 2284 976 2356; x_wconf 85' lang='lat' dir='ltr'><strong>te,</strong></span> <span class='ocrx_word' id='word_1_173' title='bbox 1000 2283 1143 2338; x_wconf 82' lang='lat' dir='ltr'><strong>ceterum</strong></span> 
     </span>
     <span class='ocr_line' id='line_1_21' title="bbox 142 2373 1144 2462; baseline 0.006 -31"><span class='ocrx_word' id='word_1_174' title='bbox 142 2373 278 2439; x_wconf 77' lang='lat' dir='ltr'><strong>›mmode</strong></span> <span class='ocrx_word' id='word_1_175' title='bbox 294 2373 523 2457; x_wconf 44' lang='lat' dir='ltr'><strong>,oblectabam</strong></span> <span class='ocrx_word' id='word_1_176' title='bbox 569 2374 769 2442; x_wconf 89' lang='lat' dir='ltr'><strong>Ausserdem</strong></span> <span class='ocrx_word' id='word_1_177' title='bbox 792 2376 851 2440; x_wconf 83' lang='lat' dir='ltr'><strong>mit</strong></span> <span class='ocrx_word' id='word_1_178' title='bbox 872 2373 1144 2462; x_wconf 81' lang='lat' dir='ltr'><strong>pleonastischem</strong></span> 
     </span>
     <span class='ocr_line' id='line_1_22' title="bbox 142 2474 1145 2563; baseline 0 -24"><span class='ocrx_word' id='word_1_179' title='bbox 142 2495 179 2539; x_wconf 83' lang='lat' dir='ltr'><strong>a:</strong></span> <span class='ocrx_word' id='word_1_180' title='bbox 212 2474 267 2540; x_wconf 88' lang='lat' dir='ltr'><strong>fin.</strong></span> <span class='ocrx_word' id='word_1_181' title='bbox 290 2477 320 2557; x_wconf 96' lang='grc'>5,</span> <span class='ocrx_word' id='word_1_182' title='bbox 335 2475 377 2539; x_wconf 96' lang='grc'><strong>22</strong></span> <span class='ocrx_word' id='word_1_183' title='bbox 399 2477 479 2541; x_wconf 82' lang='lat' dir='ltr'><strong>haec</strong></span> <span class='ocrx_word' id='word_1_184' title='bbox 502 2476 653 2549; x_wconf 83' lang='lat' dir='ltr'><strong>honesta,</strong></span> <span class='ocrx_word' id='word_1_185' title='bbox 677 2499 760 2563; x_wconf 84' lang='lat' dir='ltr'><strong>quae</strong></span> <span class='ocrx_word' id='word_1_186' title='bbox 782 2478 872 2560; x_wconf 85' lang='lat' dir='ltr'><strong>dieo,</strong></span> <span class='ocrx_word' id='word_1_187' title='bbox 896 2486 1145 2563; x_wconf 86' lang='lat' dir='ltr'><strong>praeterquam</strong></span> 
     </span>
     <span class='ocr_line' id='line_1_23' title="bbox 142 2576 1144 2666; baseline -0.001 -25"><span class='ocrx_word' id='word_1_188' title='bbox 142 2585 241 2641; x_wconf 73' lang='lat' dir='ltr'><strong>namet</strong></span> <span class='ocrx_word' id='word_1_189' title='bbox 268 2578 355 2662; x_wconf 88' lang='lat' dir='ltr'><strong>ipsos</strong></span> <span class='ocrx_word' id='word_1_190' title='bbox 385 2576 573 2662; x_wconf 87' lang='lat' dir='ltr'><strong>diligamus,</strong></span> <span class='ocrx_word' id='word_1_191' title='bbox 607 2590 775 2666; x_wconf 80' lang='lat' dir='ltr'><strong>praeterea</strong></span> <span class='ocrx_word' id='word_1_192' title='bbox 803 2590 919 2665; x_wconf 76' lang='lat' dir='ltr'><strong>suapte</strong></span> <span class='ocrx_word' id='word_1_193' title='bbox 946 2588 1064 2644; x_wconf 85' lang='lat' dir='ltr'><strong>natura</strong></span> <span class='ocrx_word' id='word_1_194' title='bbox 1085 2599 1144 2664; x_wconf 88' lang='lat' dir='ltr'><strong>per</strong></span> 
     </span>
     <span class='ocr_line' id='line_1_24' title="bbox 153 2676 1142 2765; baseline 0.003 -25"><span class='ocrx_word' id='word_1_195' title='bbox 153 2676 347 2762; x_wconf 83' lang='lat' dir='ltr'><strong>expetenda.</strong></span> <span class='ocrx_word' id='word_1_196' title='bbox 393 2679 487 2744; x_wconf 84' lang='lat' dir='ltr'><strong>Ehen</strong></span> <span class='ocrx_word' id='word_1_197' title='bbox 509 2702 546 2744; x_wconf 89' lang='lat' dir='ltr'><strong>so</strong></span> <span class='ocrx_word' id='word_1_198' title='bbox 569 2680 609 2744; x_wconf 91' lang='lat' dir='ltr'><strong>de</strong></span> <span class='ocrx_word' id='word_1_199' title='bbox 630 2679 716 2765; x_wconf 82' lang='lat' dir='ltr'><strong>legg.</strong></span> <span class='ocrx_word' id='word_1_200' title='bbox 740 2681 771 2762; x_wconf 89' lang='grc'><strong>3,</strong></span> <span class='ocrx_word' id='word_1_201' title='bbox 790 2681 839 2761; x_wconf 87' lang='grc'><strong>19,</strong></span> <span class='ocrx_word' id='word_1_202' title='bbox 855 2681 897 2745; x_wconf 88' lang='grc'><strong>45</strong></span> <span class='ocrx_word' id='word_1_203' title='bbox 917 2681 986 2745; x_wconf 87' lang='lat' dir='ltr'><strong>und</strong></span> <span class='ocrx_word' id='word_1_204' title='bbox 1006 2680 1049 2744; x_wconf 80' lang='lat' dir='ltr'><strong>ad</strong></span> <span class='ocrx_word' id='word_1_205' title='bbox 1072 2679 1142 2744; x_wconf 84' lang='lat' dir='ltr'><strong>Att.</strong></span> 
     </span>
     <span class='ocr_line' id='line_1_25' title="bbox 142 2780 1143 2867; baseline 0 -23"><span class='ocrx_word' id='word_1_206' title='bbox 142 2803 156 2842; x_wconf 76' lang='grc'>1.</span> <span class='ocrx_word' id='word_1_207' title='bbox 190 2817 232 2826; x_wconf 88' lang='lat'><em>-</em></span> <span class='ocrx_word' id='word_1_208' title='bbox 263 2780 412 2845; x_wconf 86' lang='lat' dir='ltr'><strong>Matius</strong></span> <span class='ocrx_word' id='word_1_209' title='bbox 440 2804 491 2867; x_wconf 86' lang='lat' dir='ltr'><strong>ap.</strong></span> <span class='ocrx_word' id='word_1_210' title='bbox 515 2780 582 2846; x_wconf 82' lang='lat' dir='ltr'><strong>Cic.</strong></span> <span class='ocrx_word' id='word_1_211' title='bbox 612 2781 689 2845; x_wconf 87' lang='lat' dir='ltr'><strong>fam.</strong></span> <span class='ocrx_word' id='word_1_212' title='bbox 717 2783 765 2864; x_wconf 93' lang='grc'><strong>11,</strong></span> <span class='ocrx_word' id='word_1_213' title='bbox 785 2783 881 2864; x_wconf 86' lang='grc'>28,5</span> <span class='ocrx_word' id='word_1_214' title='bbox 909 2792 1038 2867; x_wconf 81' lang='lat' dir='ltr'><strong>praeter</strong></span> <span class='ocrx_word' id='word_1_215' title='bbox 1059 2804 1089 2867; x_wconf 90' lang='lat' dir='ltr'><strong>q.</strong></span> <span class='ocrx_word' id='word_1_216' title='bbox 1114 2802 1143 2866; x_wconf 90' lang='lat' dir='ltr'><strong>q.</strong></span> 
     </span>
     <span class='ocr_line' id='line_1_26' title="bbox 166 2881 1143 2976; baseline 0.002 -32"><span class='ocrx_word' id='word_1_217' title='bbox 166 2918 202 2928; x_wconf 92' lang='lat'><em>-</em></span> <span class='ocrx_word' id='word_1_218' title='bbox 230 2881 323 2947; x_wconf 85' lang='lat' dir='ltr'><strong>doleo</strong></span> <span class='ocrx_word' id='word_1_219' title='bbox 345 2904 478 2967; x_wconf 82' lang='lat' dir='ltr'><strong>gravem</strong></span> <span class='ocrx_word' id='word_1_220' title='bbox 502 2905 623 2976; x_wconf 81' lang='lat' dir='ltr'><strong>casum.</strong></span> <span class='ocrx_word' id='word_1_221' title='bbox 650 2920 692 2930; x_wconf 93' lang='lat'><strong>-—</strong></span> <span class='ocrx_word' id='word_1_222' title='bbox 724 2883 818 2949; x_wconf 87' lang='lat' dir='ltr'><strong>Aueh</strong></span> <span class='ocrx_word' id='word_1_223' title='bbox 841 2883 893 2948; x_wconf 88' lang='lat' dir='ltr'><strong>bei</strong></span> <span class='ocrx_word' id='word_1_224' title='bbox 915 2883 1055 2949; x_wconf 87' lang='lat' dir='ltr'><strong>Livius</strong></span> <span class='ocrx_word' id='word_1_225' title='bbox 1077 2883 1143 2947; x_wconf 91' lang='lat' dir='ltr'><strong>und</strong></span> 
     </span>
     <span class='ocr_line' id='line_1_27' title="bbox 142 2981 1144 3069; baseline 0.003 -23"><span class='ocrx_word' id='word_1_226' title='bbox 142 3005 168 3046; x_wconf 89' lang='lat' dir='ltr'><strong>n.</strong></span> <span class='ocrx_word' id='word_1_227' title='bbox 208 2981 291 3047; x_wconf 86' lang='lat' dir='ltr'><strong>Sehr</strong></span> <span class='ocrx_word' id='word_1_228' title='bbox 314 2984 418 3048; x_wconf 87' lang='lat' dir='ltr'><strong>selten</strong></span> <span class='ocrx_word' id='word_1_229' title='bbox 439 2984 523 3049; x_wconf 79' lang='lat' dir='ltr'><strong>fehlt</strong></span> <span class='ocrx_word' id='word_1_230' title='bbox 545 2985 628 3066; x_wconf 77' lang='lat' dir='ltr'><strong>qaod</strong></span> <span class='ocrx_word' id='word_1_231' title='bbox 648 2982 682 3046; x_wconf 92' lang='lat' dir='ltr'><strong>in</strong></span> <span class='ocrx_word' id='word_1_232' title='bbox 703 2982 811 3049; x_wconf 79' lang='lat' dir='ltr'><strong>dieser</strong></span> <span class='ocrx_word' id='word_1_233' title='bbox 831 2982 1059 3069; x_wconf 88' lang='lat' dir='ltr'><strong>Verbindung‚</strong></span> <span class='ocrx_word' id='word_1_234' title='bbox 1082 2984 1144 3049; x_wconf 83' lang='lat' dir='ltr'><strong>wie</strong></span> 
     </span>
    </p>
   </div>
   <div class='ocr_carea' id='block_1_3' title="bbox 142 3084 1282 3167">
    <p class='ocr_par' dir='ltr' id='par_1_3' title="bbox 142 3084 1282 3167">
     <span class='ocr_line' id='line_1_28' title="bbox 142 3084 1282 3167; baseline 0.002 -18"><span class='ocrx_word' id='word_1_235' title='bbox 142 3085 227 3149; x_wconf 67' lang='lat' dir='ltr'><strong>nere.</strong></span> <span class='ocrx_word' id='word_1_236' title='bbox 251 3086 307 3167; x_wconf 77' lang='lat'><strong>953</strong></span> <span class='ocrx_word' id='word_1_237' title='bbox 342 3086 421 3150; x_wconf 86' lang='lat' dir='ltr'><strong>aber</strong></span> <span class='ocrx_word' id='word_1_238' title='bbox 442 3084 561 3149; x_wconf 70' lang='lat' dir='ltr'><strong>andeis</strong></span> <span class='ocrx_word' id='word_1_239' title='bbox 584 3087 628 3149; x_wconf 78' lang='lat' dir='ltr'><strong>ist</strong></span> <span class='ocrx_word' id='word_1_240' title='bbox 649 3085 734 3149; x_wconf 92' lang='lat' dir='ltr'><strong>Plin.</strong></span> <span class='ocrx_word' id='word_1_241' title='bbox 758 3087 789 3150; x_wconf 87' lang='lat' dir='ltr'><strong>h.</strong></span> <span class='ocrx_word' id='word_1_242' title='bbox 813 3109 845 3152; x_wconf 93' lang='lat' dir='ltr'><strong>n.</strong></span> <span class='ocrx_word' id='word_1_243' title='bbox 869 3088 911 3151; x_wconf 93' lang='grc'><strong>20</strong></span> <span class='ocrx_word' id='word_1_244' title='bbox 932 3090 963 3167; x_wconf 65' lang='grc' dir='ltr'><strong>ξ.</strong></span> <span class='ocrx_word' id='word_1_245' title='bbox 988 3087 1063 3164; x_wconf 89' lang='grc'>100,</span> <span class='ocrx_word' id='word_1_246' title='bbox 1093 3107 1144 3151; x_wconf 87' lang='lat' dir='ltr'><strong>wo</strong></span> <span class='ocrx_word' id='word_1_247' title='bbox 1274 3150 1282 3166; x_wconf 77' lang='grc'>,</span> 
     </span>
    </p>
   </div>
   <div class='ocr_carea' id='block_1_4' title="bbox 142 3185 1145 4470">
    <p class='ocr_par' dir='ltr' id='par_1_4' title="bbox 142 3185 982 3273">
     <span class='ocr_line' id='line_1_29' title="bbox 142 3185 982 3273; baseline 0.007 -24"><span class='ocrx_word' id='word_1_248' title='bbox 142 3185 240 3250; x_wconf 80' lang='lat' dir='ltr'><strong>=lesen</strong></span> <span class='ocrx_word' id='word_1_249' title='bbox 261 3187 360 3251; x_wconf 88' lang='lat' dir='ltr'><strong>wird:</strong></span> <span class='ocrx_word' id='word_1_250' title='bbox 384 3196 632 3273; x_wconf 81' lang='lat' dir='ltr'><strong>praeterquam</strong></span> <span class='ocrx_word' id='word_1_251' title='bbox 654 3189 764 3253; x_wconf 84' lang='lat' dir='ltr'><strong>vesica</strong></span> <span class='ocrx_word' id='word_1_252' title='bbox 787 3187 982 3255; x_wconf 80' lang='lat' dir='ltr'><strong>exulcerata.</strong></span> 
     </span>
    </p>

    <p class='ocr_par' dir='ltr' id='par_1_5' title="bbox 142 3286 1144 3675">
     <span class='ocr_line' id='line_1_30' title="bbox 142 3286 1142 3376; baseline 0.001 -25"><span class='ocrx_word' id='word_1_253' title='bbox 142 3287 246 3352; x_wconf 80' lang='lat' dir='ltr'><strong>Dafiir</strong></span> <span class='ocrx_word' id='word_1_254' title='bbox 261 3286 349 3352; x_wconf 88' lang='lat' dir='ltr'><strong>steht</strong></span> <span class='ocrx_word' id='word_1_255' title='bbox 364 3294 493 3370; x_wconf 74' lang='lat' dir='ltr'><strong>praeter</strong></span> <span class='ocrx_word' id='word_1_256' title='bbox 515 3289 599 3369; x_wconf 82' lang='lat' dir='ltr'><em>quod</em></span> <span class='ocrx_word' id='word_1_257' title='bbox 612 3311 673 3352; x_wconf 89' lang='lat' dir='ltr'><strong>nur</strong></span> <span class='ocrx_word' id='word_1_258' title='bbox 690 3289 742 3354; x_wconf 91' lang='lat' dir='ltr'><strong>bei</strong></span> <span class='ocrx_word' id='word_1_259' title='bbox 759 3289 926 3376; x_wconf 68' lang='lat' dir='ltr'><strong>Spateren</strong></span> <span class='ocrx_word' id='word_1_260' title='bbox 950 3291 1012 3354; x_wconf 89' lang='lat' dir='ltr'><strong>wie</strong></span> <span class='ocrx_word' id='word_1_261' title='bbox 1027 3287 1142 3376; x_wconf 87' lang='lat' dir='ltr'><strong>Apul.</strong></span> 
     </span>
     <span class='ocr_line' id='line_1_31' title="bbox 153 3388 1142 3477; baseline 0.003 -25"><span class='ocrx_word' id='word_1_262' title='bbox 153 3388 194 3452; x_wconf 79' lang='grc'><strong>27</strong></span> <span class='ocrx_word' id='word_1_263' title='bbox 223 3410 298 3453; x_wconf 85' lang='lat' dir='ltr'><strong>nam</strong></span> <span class='ocrx_word' id='word_1_264' title='bbox 325 3412 357 3475; x_wconf 92' lang='lat' dir='ltr'><strong>p.</strong></span> <span class='ocrx_word' id='word_1_265' title='bbox 380 3412 411 3475; x_wconf 91' lang='lat' dir='ltr'><strong>q.</strong></span> <span class='ocrx_word' id='word_1_266' title='bbox 441 3389 576 3453; x_wconf 86' lang='lat' dir='ltr'><strong>diurnae</strong></span> <span class='ocrx_word' id='word_1_267' title='bbox 608 3391 726 3475; x_wconf 87' lang='lat' dir='ltr'><strong>quietis</strong></span> <span class='ocrx_word' id='word_1_268' title='bbox 755 3392 913 3475; x_wconf 84' lang='lat' dir='ltr'><strong>imagines</strong></span> <span class='ocrx_word' id='word_1_269' title='bbox 941 3389 1044 3456; x_wconf 84' lang='lat' dir='ltr'><strong>falsae</strong></span> <span class='ocrx_word' id='word_1_270' title='bbox 1072 3413 1142 3477; x_wconf 89' lang='lat' dir='ltr'><strong>per·</strong></span> 
     </span>
     <span class='ocr_line' id='line_1_32' title="bbox 142 3490 1144 3579; baseline 0.004 -24"><span class='ocrx_word' id='word_1_271' title='bbox 142 3513 163 3575; x_wconf 83' lang='lat' dir='ltr'><strong>r,</strong></span> <span class='ocrx_word' id='word_1_272' title='bbox 186 3501 255 3555; x_wconf 87' lang='lat' dir='ltr'><strong>tum</strong></span> <span class='ocrx_word' id='word_1_273' title='bbox 279 3492 376 3555; x_wconf 80' lang='lat' dir='ltr'><strong>etiam</strong></span> <span class='ocrx_word' id='word_1_274' title='bbox 398 3500 576 3555; x_wconf 84' lang='lat' dir='ltr'><strong>noeturnae</strong></span> <span class='ocrx_word' id='word_1_275' title='bbox 592 3500 647 3559; x_wconf 86' lang='lat' dir='ltr'><strong>ett.</strong></span> <span class='ocrx_word' id='word_1_276' title='bbox 670 3490 779 3558; x_wconf 87' lang='lat' dir='ltr'><strong>Lact.</strong></span> <span class='ocrx_word' id='word_1_277' title='bbox 791 3494 821 3572; x_wconf 84' lang='lat'><strong>3,</strong></span> <span class='ocrx_word' id='word_1_278' title='bbox 837 3493 866 3575; x_wconf 87' lang='grc'>8,</span> <span class='ocrx_word' id='word_1_279' title='bbox 884 3494 932 3557; x_wconf 89' lang='grc'>13.</span> <span class='ocrx_word' id='word_1_280' title='bbox 957 3493 1035 3579; x_wconf 84' lang='lat' dir='ltr'><strong>opif.</strong></span> <span class='ocrx_word' id='word_1_281' title='bbox 1054 3492 1103 3575; x_wconf 89' lang='lat'><strong>19,</strong></span> <span class='ocrx_word' id='word_1_282' title='bbox 1113 3493 1144 3559; x_wconf 84' lang='lat'><strong>6.</strong></span> 
     </span>
     <span class='ocr_line' id='line_1_33' title="bbox 145 3590 854 3675; baseline -0.001 -16"><span class='ocrx_word' id='word_1_283' title='bbox 145 3594 301 3659; x_wconf 82' lang='lat' dir='ltr'><strong>elativum</strong></span> <span class='ocrx_word' id='word_1_284' title='bbox 323 3594 368 3657; x_wconf 78' lang='lat' dir='ltr'><strong>ist</strong></span> <span class='ocrx_word' id='word_1_285' title='bbox 390 3593 474 3674; x_wconf 78' lang='lat' dir='ltr'><strong><em>quod</em></strong></span> <span class='ocrx_word' id='word_1_286' title='bbox 494 3592 547 3655; x_wconf 86' lang='lat' dir='ltr'><strong>bei</strong></span> <span class='ocrx_word' id='word_1_287' title='bbox 570 3590 659 3657; x_wconf 85' lang='lat' dir='ltr'><strong>Flor.</strong></span> <span class='ocrx_word' id='word_1_288' title='bbox 683 3592 715 3675; x_wconf 88' lang='grc'>2,</span> <span class='ocrx_word' id='word_1_289' title='bbox 731 3595 761 3673; x_wconf 92' lang='grc'>6,</span> <span class='ocrx_word' id='word_1_290' title='bbox 777 3595 829 3658; x_wconf 92' lang='grc'><strong>24.</strong></span> <span class='ocrx_word' id='word_1_291' title='bbox 851 3631 854 3639; x_wconf 90' lang='grc'><strong>-</strong></span> 
     </span>
    </p>

    <p class='ocr_par' dir='ltr' id='par_1_6' title="bbox 142 3693 1143 4184">
     <span class='ocr_line' id='line_1_34' title="bbox 142 3693 1143 3778; baseline -0.001 -20"><span class='ocrx_word' id='word_1_292' title='bbox 142 3695 240 3778; x_wconf 69' lang='lat' dir='ltr'><strong>Super</strong></span> <span class='ocrx_word' id='word_1_293' title='bbox 262 3716 359 3777; x_wconf 74' lang='lat' dir='ltr'><strong>quma</strong></span> <span class='ocrx_word' id='word_1_294' title='bbox 382 3696 465 3776; x_wconf 78' lang='lat' dir='ltr'><strong>qaod</strong></span> <span class='ocrx_word' id='word_1_295' title='bbox 487 3717 548 3757; x_wconf 89' lang='lat' dir='ltr'><strong>nur</strong></span> <span class='ocrx_word' id='word_1_296' title='bbox 571 3695 655 3759; x_wconf 88' lang='lat' dir='ltr'><strong>Liv.</strong></span> <span class='ocrx_word' id='word_1_297' title='bbox 678 3695 730 3777; x_wconf 89' lang='grc'>22,</span> <span class='ocrx_word' id='word_1_298' title='bbox 752 3696 782 3776; x_wconf 85' lang='grc'>3,</span> <span class='ocrx_word' id='word_1_299' title='bbox 807 3696 846 3759; x_wconf 90' lang='grc'><strong>14</strong></span> <span class='ocrx_word' id='word_1_300' title='bbox 867 3693 934 3759; x_wconf 90' lang='lat' dir='ltr'><strong>und</strong></span> <span class='ocrx_word' id='word_1_301' title='bbox 957 3696 1009 3777; x_wconf 86' lang='grc' dir='ltr'>2Ῑ,</span> <span class='ocrx_word' id='word_1_302' title='bbox 1025 3697 1077 3776; x_wconf 90' lang='grc'>20,</span> <span class='ocrx_word' id='word_1_303' title='bbox 1097 3697 1143 3760; x_wconf 91' lang='grc'>10.</span> 
     </span>
     <span class='ocr_line' id='line_1_35' title="bbox 142 3797 1141 3880; baseline 0.001 -22"><span class='ocrx_word' id='word_1_304' title='bbox 142 3797 192 3860; x_wconf 72' lang='grc' dir='ltr'><strong>Λᾶ</strong></span> <span class='ocrx_word' id='word_1_305' title='bbox 210 3798 247 3861; x_wconf 77' lang='lat' dir='ltr'><strong>id</strong></span> <span class='ocrx_word' id='word_1_306' title='bbox 268 3797 366 3877; x_wconf 80' lang='lat' dir='ltr'><strong><em>quod:</em></strong></span> <span class='ocrx_word' id='word_1_307' title='bbox 387 3797 514 3877; x_wconf 85' lang='lat' dir='ltr'><strong>Liv.3,</strong></span> <span class='ocrx_word' id='word_1_308' title='bbox 532 3798 562 3877; x_wconf 72' lang='lat'><strong>7,</strong></span> <span class='ocrx_word' id='word_1_309' title='bbox 578 3797 609 3860; x_wconf 85' lang='lat'><strong>8.</strong></span> <span class='ocrx_word' id='word_1_310' title='bbox 633 3800 664 3878; x_wconf 86' lang='lat'><strong>3,</strong></span> <span class='ocrx_word' id='word_1_311' title='bbox 681 3798 732 3879; x_wconf 86' lang='grc'>62,</span> <span class='ocrx_word' id='word_1_312' title='bbox 751 3798 778 3859; x_wconf 94' lang='grc'>1.</span> <span class='ocrx_word' id='word_1_313' title='bbox 801 3797 852 3879; x_wconf 84' lang='grc'>26,</span> <span class='ocrx_word' id='word_1_314' title='bbox 868 3797 920 3878; x_wconf 85' lang='grc'>45,</span> <span class='ocrx_word' id='word_1_315' title='bbox 935 3797 965 3860; x_wconf 86' lang='grc'><strong>8.</strong></span> <span class='ocrx_word' id='word_1_316' title='bbox 988 3797 1141 3880; x_wconf 87' lang='grc'>32,40,2.</span> 
     </span>
     <span class='ocr_line' id='line_1_36' title="bbox 142 3990 1143 4081; baseline 0 -19"><span class='ocrx_word' id='word_1_317' title='bbox 142 3998 239 4081; x_wconf 74' lang='lat' dir='ltr'><strong>Super</strong></span> <span class='ocrx_word' id='word_1_318' title='bbox 271 4000 308 4062; x_wconf 82' lang='lat' dir='ltr'><strong>id</strong></span> <span class='ocrx_word' id='word_1_319' title='bbox 337 4000 421 4080; x_wconf 79' lang='lat' dir='ltr'><strong>qaod</strong></span> <span class='ocrx_word' id='word_1_320' title='bbox 450 3997 539 4063; x_wconf 83' lang='lat' dir='ltr'><strong>nullo</strong></span> <span class='ocrx_word' id='word_1_321' title='bbox 572 4008 705 4063; x_wconf 80' lang='lat' dir='ltr'><strong>auctore</strong></span> <span class='ocrx_word' id='word_1_322' title='bbox 737 4009 826 4063; x_wconf 83' lang='lat' dir='ltr'><strong>certo</strong></span> <span class='ocrx_word' id='word_1_323' title='bbox 856 3999 1028 4062; x_wconf 77' lang='lat' dir='ltr'><strong>firmantur</strong></span> <span class='ocrx_word' id='word_1_324' title='bbox 1057 3990 1143 4062; x_wconf 81' lang='lat' dir='ltr'><strong>Tae.</strong></span> 
     </span>
     <span class='ocr_line' id='line_1_37' title="bbox 146 4099 526 4184; baseline 0.003 -21"><span class='ocrx_word' id='word_1_325' title='bbox 146 4102 193 4164; x_wconf 94' lang='grc'><strong>11.</strong></span> <span class='ocrx_word' id='word_1_326' title='bbox 238 4101 337 4165; x_wconf 86' lang='lat' dir='ltr'><strong>Sonst</strong></span> <span class='ocrx_word' id='word_1_327' title='bbox 358 4099 526 4184; x_wconf 85' lang='lat' dir='ltr'><strong>nirgends.</strong></span> 
     </span>
    </p>

    <p class='ocr_par' dir='ltr' id='par_1_7' title="bbox 142 4199 1145 4470">
     <span class='ocr_line' id='line_1_38' title="bbox 142 4199 1142 4288; baseline -0.005 -21"><span class='ocrx_word' id='word_1_328' title='bbox 142 4201 271 4283; x_wconf 59' lang='lat' dir='ltr'><strong>Excepto</strong></span> <span class='ocrx_word' id='word_1_329' title='bbox 294 4204 393 4283; x_wconf 82' lang='lat' dir='ltr'><em>quod:</em></span> <span class='ocrx_word' id='word_1_330' title='bbox 416 4202 508 4266; x_wconf 86' lang='lat' dir='ltr'><strong>Hor.</strong></span> <span class='ocrx_word' id='word_1_331' title='bbox 533 4224 583 4288; x_wconf 87' lang='lat' dir='ltr'><strong>ep.</strong></span> <span class='ocrx_word' id='word_1_332' title='bbox 610 4204 636 4284; x_wconf 84' lang='lat'><strong>1,</strong></span> <span class='ocrx_word' id='word_1_333' title='bbox 656 4202 703 4280; x_wconf 89' lang='grc'>10,</span> <span class='ocrx_word' id='word_1_334' title='bbox 719 4203 769 4267; x_wconf 88' lang='grc'><strong>50.</strong></span> <span class='ocrx_word' id='word_1_335' title='bbox 807 4199 976 4282; x_wconf 79' lang='lat' dir='ltr'><strong>Quintil.</strong></span> <span class='ocrx_word' id='word_1_336' title='bbox 1000 4201 1029 4282; x_wconf 90' lang='lat'><strong>9,</strong></span> <span class='ocrx_word' id='word_1_337' title='bbox 1045 4200 1075 4281; x_wconf 89' lang='grc'>4,</span> <span class='ocrx_word' id='word_1_338' title='bbox 1092 4200 1142 4264; x_wconf 75' lang='grc'><strong>79.</strong></span> 
     </span>
     <span class='ocr_line' id='line_1_39' title="bbox 142 4300 1144 4386; baseline -0.004 -18"><span class='ocrx_word' id='word_1_339' title='bbox 142 4304 209 4368; x_wconf 77' lang='lat'><strong>382.</strong></span> <span class='ocrx_word' id='word_1_340' title='bbox 252 4303 330 4369; x_wconf 67' lang='lat' dir='ltr'><strong>Nisi·</strong></span> <span class='ocrx_word' id='word_1_341' title='bbox 358 4306 441 4386; x_wconf 77' lang='lat' dir='ltr'><strong>qaod</strong></span> <span class='ocrx_word' id='word_1_342' title='bbox 469 4327 561 4385; x_wconf 79' lang='lat' dir='ltr'><strong>„nur</strong></span> <span class='ocrx_word' id='word_1_343' title='bbox 587 4305 691 4368; x_wconf 86' lang='lat' dir='ltr'><strong>dass“</strong></span> <span class='ocrx_word' id='word_1_344' title='bbox 725 4302 916 4369; x_wconf 80' lang='lat' dir='ltr'><strong>bezeichnet</strong></span> <span class='ocrx_word' id='word_1_345' title='bbox 945 4301 1017 4365; x_wconf 87' lang='lat' dir='ltr'><strong>eine</strong></span> <span class='ocrx_word' id='word_1_346' title='bbox 1045 4300 1144 4364; x_wconf 84' lang='lat' dir='ltr'><strong>That-</strong></span> 
     </span>
     <span class='ocr_line' id='line_1_40' title="bbox 142 4402 1145 4470; baseline -0.003 -2"><span class='ocrx_word' id='word_1_347' title='bbox 142 4405 176 4468; x_wconf 68' lang='lat' dir='ltr'><strong>ila</strong></span> <span class='ocrx_word' id='word_1_348' title='bbox 205 4406 279 4469; x_wconf 88' lang='lat' dir='ltr'><strong>eine</strong></span> <span class='ocrx_word' id='word_1_349' title='bbox 301 4405 537 4469; x_wconf 83' lang='lat' dir='ltr'><strong>Ausnahme.</strong></span> <span class='ocrx_word' id='word_1_350' title='bbox 583 4407 628 4470; x_wconf 85' lang='lat' dir='ltr'><strong>Es</strong></span> <span class='ocrx_word' id='word_1_351' title='bbox 656 4404 760 4470; x_wconf 87' lang='lat' dir='ltr'><strong>findet</strong></span> <span class='ocrx_word' id='word_1_352' title='bbox 781 4407 849 4470; x_wconf 84' lang='lat' dir='ltr'><strong>sich</strong></span> <span class='ocrx_word' id='word_1_353' title='bbox 872 4413 982 4469; x_wconf 82' lang='lat' dir='ltr'><strong>zuerst</strong></span> <span class='ocrx_word' id='word_1_354' title='bbox 1004 4403 1057 4469; x_wconf 86' lang='lat' dir='ltr'><strong>bei</strong></span> <span class='ocrx_word' id='word_1_355' title='bbox 1080 4402 1145 4466; x_wconf 84' lang='lat' dir='ltr'><strong>Oi-</strong></span> 
     </span>
    </p>
   </div>
   <div class='ocr_carea' id='block_1_5' title="bbox 0 0 1479 4988">
    <p class='ocr_par' dir='ltr' id='par_1_8' title="bbox 0 0 1479 4988">
     <span class='ocr_line' id='line_1_41' title="bbox 0 0 1479 4988; baseline 0 0"><span class='ocrx_word' id='word_1_356' title='bbox 0 0 1479 4988; x_wconf 95' lang='lat' dir='ltr'><strong> </strong></span> 
     </span>
    </p>
   </div>
  </div>
 </body>
</html>
