2948 4988
606 283 836 348 -118-

160 448 260 504 erent.
290 475 331 487 -—
359 437 451 502 Aber
482 436 535 501 bei
566 434 674 498 vielen
709 432 965 500 Schriftsteliern
997 431 1101 499 findet
1130 432 1202 499 sich
1233 433 1300 499 dies

157 563 217 625 gar
239 540 342 605 nicht.

243 642 274 705 9.
318 638 411 704 Nach
433 637 523 701 einer
544 637 790 723 Digression
812 635 911 700 kehrt
926 635 1068 701 Cicero
1091 656 1134 699 an
1155 637 1300 722 wenigen

159 741 283 809 Stellen
316 739 421 804 durch
453 743 557 804 aufem
590 761 631 802 zu
664 737 738 802 dem
760 737 913 802 friiheren
946 735 1133 801 Gedsnken
1161 737 1300 803 zuruck:

159 845 211 909 off.
242 847 271 922 1,
294 842 335 905 23
369 841 499 905 omnino
533 849 641 903 autem
673 837 756 902 illud
788 837 961 903 honestum
989 875 1032 886 -
1060 837 1149 902 daun
1182 839 1217 902 in
1248 836 1302 903 der

160 945 288 1008 viertcn
320 939 426 1006 Zeile:
464 941 635 1005 honestum
669 949 779 1004 autem
812 939 862 1019 id,
897 938 984 1024 quod
1015 940 1222 1025 exquirimus
1247 949 1301 1005 ctt.

162 1043 319 1130 Zugleich
343 1041 424 1126 liegt
447 1041 526 1105 aber
548 1043 600 1105 ein
623 1042 809 1125 Gegensatz
832 1039 941 1104 darin:
972 1041 1118 1128 corporis
1145 1052 1179 1107 et
1206 1041 1303 1107 animi

161 1147 261 1211 vires.
306 1141 468 1209 Aehnlich
489 1144 612 1226 gebaut
633 1142 677 1207 ist
702 1144 729 1222 1,
752 1142 805 1223 43,
831 1141 891 1206 153
924 1142 1141 1228 princepsque
1164 1142 1304 1207 omnium

164 1249 323 1312 virtutum
345 1242 402 1309 illa
424 1243 594 1329 sapientia,
618 1265 716 1329 quam
730 1263 821 1306 -es
844 1241 928 1326 folgt
949 1243 983 1305 iu
999 1241 1058 1307 der
1073 1245 1201 1309 vierten
1216 1244 1306 1309 Zeile

162 1346 246 1411 nach
269 1346 358 1409 einer
372 1344 588 1409 Parenthese:
614 1344 670 1409 illa
691 1352 799 1407 autem
822 1343 991 1429 sapientia,
1014 1365 1112 1428 quam
1127 1346 1305 1433 principem

162 1448 245 1513 dixi.
296 1448 376 1511 Liv.
409 1446 461 1528 32,
495 1446 547 1526 32,
582 1445 601 1509 8
635 1454 746 1530 aptum
780 1455 887 1508 autem
921 1443 992 1510 fore
1024 1443 1234 1531 colloquium.
1267 1483 1305 1494 —

164 1550 264 1615 Sonst
279 1548 354 1612 sind
369 1546 489 1611 andere
505 1545 684 1628 Partikeln‚
708 1549 770 1610 wie
785 1548 848 1628 sed,
865 1548 971 1629 iyifur,
996 1546 1111 1611 hierzu
1124 1545 1305 1631 gebraucht

164 1651 307 1716 worden.

249 1753 298 1815 10.
343 1749 452 1813 chn
475 1754 580 1814 aretem
607 1750 651 1810 im
674 1748 803 1832 Beginn
832 1750 923 1813 einer
956 1749 1145 1814 direkten
1181 1750 1306 1836 Frage

164 1852 265 1935 steht,
299 1874 336 1916 so
370 1851 478 1915 lasscn
511 1850 581 1914 sich
613 1848 697 1913 nach
730 1848 829 1914 Hand
864 1850 897 1915 S.
920 1851 1088 1915 575-577
1122 1851 1200 1917 funt
1218 1851 1306 1917 Fene

166 1952 435 2019 unterscheideu:
857 1942 862 1949 ⁴

249 2058 283 2140 a)
319 2054 384 2117 Die
406 2054 513 2136 Frage
536 2051 662 2118 euthalt
683 2054 778 2117 einen
800 2054 855 2116 Af
858 2054 875 2117 f
879 2062 939 2118 eet
946 2103 956 2135 ,
980 2053 1126 2119 Staunen
1147 2057 1229 2120 oder
1243 2056 1309 2122 Un-

164 2156 283 2224 willen.
329 2156 409 2219 Dies
433 2154 611 2219 besonders
644 2157 697 2218 bei
728 2154 791 2219 den
820 2155 1057 2220 Komikern:
1092 2156 1140 2224 Pl.
1162 2162 1309 2243 1111113,

164 2262 196 2342 3,
222 2259 281 2322 126
304 2279 400 2344 quem
421 2267 454 2322 te
476 2266 586 2321 autem
607 2257 704 2321 deum
737 2256 927 2322 nominem?
964 2257 1083 2323 Pseud.
1106 2260 1171 2325 304
1203 2270 1309 2327 metue

165 2363 308 2425 eredere.
346 2359 399 2423 Ps.
424 2358 567 2422 Credere
589 2358 722 2422 autem?
766 2359 842 2439 eho,
875 2360 1076 2445 paenitetne,
1109 2373 1232 2449 quanto
1258 2362 1309 2428 hic

165 2462 265 2526 fuerit
296 2461 392 2524 usui?
439 2461 558 2545 Amph.
584 2463 613 2542 1,
636 2461 666 2543 3,
688 2461 728 2524 41
756 2462 885 2546 pergin'
915 2463 1046 2526 autem?
1087 2462 1163 2527 Ter.
1193 2463 1257 2528 Ad.
1278 2464 1309 2528 2“

168 2566 196 2645 1,
219 2565 259 2628 31
291 2585 373 2646 egon
404 2562 623 2627 debacchatus
654 2585 726 2626 sum
748 2573 858 2626 autem
879 2584 924 2626 an
946 2572 982 2626 tu
1004 2564 1038 2626 in
1060 2565 1136 2630 me?
1176 2565 1309 2630 Eun.4

167 2667 197 2745 7,
219 2664 261 2728 28
283 2663 363 2750 quid
385 2674 420 2728 tu
443 2665 505 2729 tibi
527 2661 603 2725 vis?
632 2684 693 2746 ego
716 2685 781 2728 non
804 2672 937 2749 tangam
960 2667 1087 2730 mcum?
1124 2666 1185 2732 Oh.
1208 2668 1309 2733 Tuam

167 2776 285 2848 autem,
308 2764 468 2830 furcifer?
506 2766 549 2830 So
574 2765 626 2828 bei
642 2765 767 2829 'serena
791 2767 876 2831 dfter
898 2768 932 2830 iu
954 2766 1019 2831 den
1041 2767 1069 2832 F
1070 2769 1211 2833 ormcln:
1234 2772 1309 2853 quic

167 2868 299 2931 autem?
328 2867 406 2952 quid
429 2866 490 2930 hoc
511 2876 621 2930 autem
643 2865 717 2931 cst?
750 2867 912 2953 quidhoc
935 2878 1076 2934 autemst
1097 2868 1200 2934 mali?
1235 2870 1309 2958 quic'

166 2967 277 3031 istuc?

253 3067 363 3131 Selten
386 3069 452 3132 und
475 3071 534 3133 mit
554 3069 762 3153 geringerem
784 3072 891 3136 Affect
913 3071 968 3135 bei
991 3072 1150 3156 Cicero,
1175 3074 1309 3141 welche

168 3169 216 3234 als
233 3169 411 3234 Ausdruck
427 3169 485 3235 der
502 3168 775 3255 Vcrwu'nderung
796 3193 857 3252 quo
878 3175 969 3238 modo
989 3180 1092 3239 aufem
1114 3175 1298 3260 gebraucht

169 3271 260 3337 acad.
283 3273 314 3352 2,
338 3273 367 3350 Ἰ,
391 3270 441 3333 22.
480 3271 509 3354 8,
532 3273 583 3336 25.
622 3271 699 3335 fam.
729 3274 758 3356 Ἰ,
785 3274 831 3346 12,
854 3275 884 3340 5.
928 3274 1090 3339 Dasselbe
1119 3279 1177 3341 hat
1204 3279 1307 3345 Gurt

167 3375 197 3456 6,
221 3374 249 3453 9,
273 3374 294 3438 4
316 3373 478 3459 quomodo
502 3383 610 3438 autem
633 3384 760 3440 tantum
782 3377 875 3440 nefas
899 3376 1035 3440 sileam?
1072 3378 1250 3445 Affectvoll
1271 3382 1309 3445 ist

168 3475 265 3538 auch:
303 3475 332 3553 9,
354 3475 386 3555 2,
409 3475 448 3539 31
483 3474 562 3560 quid
591 3485 699 3539 autem
721 3477 874 3562 postulo?
919 3478 1019 3544 Sonst
1041 3479 1124 3544 wird
1146 3504 1209 3547 nur
1231 3484 1309 3549 noch

169 3576 272 3639 citirt:
296 3574 399 3639 utor.
423 3576 454 3657 3,
481 3576 529 3654 10,
556 3580 592 3641 11
621 3578 693 3663 quis
723 3588 773 3642 cst
794 3589 903 3643 autem
925 3579 1071 3644 Caesar?
1106 3585 1170 3662 (wc
1192 3583 1309 3649 andere

169 3675 222 3740 dic
249 3675 396 3740 Partikel
418 3676 604 3765 streichcu).

254 3778 289 3861 b)
327 3777 390 3841 Die
414 3778 521 3862 Frage
544 3782 669 3846 enthiilt
691 3782 765 3845 einc
786 3781 1098 3867 Epanorthosis,
1121 3782 1234 3849 indem
1256 3787 1309 3853 der

168 3878 324 3944 Redendc
358 3879 428 3943 sich
458 3880 560 3945 selb'st
592 3882 752 3966 corrigirt.
796 3882 877 3947 Dies
900 3893 969 3949 erst
996 3886 1059 3949 seit
1082 3887 1244 3951 Ciceros
1281 3910 1309 3974 p.

168 3982 248 4046 Rab.
271 3981 308 4043 P.
331 3981 361 4062 5,
387 3982 426 4044 10
448 4004 524 4044 num
548 3984 620 4068 quis
642 3984 734 4047 testis
758 3985 948 4049 Postumum
978 3985 1182 4073 appellavit?
1218 3992 1309 4057 testis

136 4077 139 4083 ’
169 4081 301 4146 autem?
334 4104 412 4144 num
434 4083 630 4148 accusator?
653 4095 709 4149 stt.
745 4086 814 4149 Att.
829 4088 860 4166 5,
884 4088 968 4168 13‚3
991 4086 1071 4174 quid
1093 4089 1127 4152 in
1150 4110 1221 4175 rep.
1244 4090 1309 4155 fiat.

169 4184 245 4247 Fiat
268 4182 399 4246 autem?
436 4181 539 4247 Immo
561 4206 638 4249 vero
661 4189 758 4249 etiam
782 4189 860 4273 quid
889 4187 1035 4254 futurum
1058 4191 1112 4271 sit,
1135 4190 1309 4276 perscribe.

169 4284 198 4361 6,
222 4284 252 4366 2,
278 4285 291 4345 l
327 4284 468 4368 probari.
516 4285 652 4350 Probari
682 4288 817 4352 autem?
865 4294 896 4369 ξ.
926 4292 945 4352 8
979 4291 1057 4376 quid
1091 4290 1225 4357 tandem
1259 4294 1309 4360 isti

171 4382 382 4450 mali—non
396 4384 575 4450 fecissent?
611 4386 684 4451 Non
706 4388 861 4454 fecissent
882 4390 1013 4454 autem?
1050 4392 1153 4458 Immo
1176 4393 1309 4480 quid-
