2948 4988
575 326 615 337 ..
657 261 806 354 559,-

175 455 275 521 Liv.
301 457 332 539 7,
357 458 414 541 13,
439 457 479 521 10
500 480 572 522 curn
596 459 726 523 vincere
747 461 906 542 cupimus,
928 469 997 523 turn
1021 469 1053 523 te
1076 459 1159 523 duce
1184 459 1257 522 vin·

132 575 177 621 e.
233 557 276 636 6,
306 557 364 641 25,
392 559 412 622 6
441 581 514 623 cum
542 557 687 643 collegae
722 559 847 624 levavit
875 559 1059 642 infamiam,
1095 573 1163 623 turn
1192 559 1257 623 sibi

132 659 244 722 riam
273 661 440 745 ingentem
467 662 603 746 peperit.
650 660 750 726 Vell.
775 663 808 739 l,
830 661 860 741 3,
883 661 904 725 2
926 661 1109 748 quodcum
1131 660 1188 726 alii
1211 662 1258 726 fa·

132 774 193 824 nt
226 760 359 847 (vulgoz
393 762 547 847 faciant),
584 775 653 826 tum
683 764 801 847 tragici
828 764 1092 848 frequentissime
1119 763 1257 827 faciunt.

132 880 240 945 *pos
262 863 295 946 2,
318 862 349 945 2,
372 864 393 928 3
415 864 481 929 und
504 865 598 928 bfter.

192 963 359 1031 Formelle
387 964 635 1050 Ungleichheit,
670 964 750 1030 aber
776 964 812 1028 10
820 967 958 1050 gische
986 966 1173 1033 Gleichheit
1200 968 1259 1032 der

132 1058 182 1126 it
198 1065 303 1131 findet
317 1066 413 1149 Statt,
429 1090 522 1132 wenn
539 1068 597 1132 das
613 1067 717 1131 Perf.
740 1066 817 1152 log.
833 1066 907 1131 dem
923 1068 1121 1133 Praesens
1137 1091 1257 1154 gegen·

132 1167 298 1247 erstebt3
323 1168 484 1234 zunbchst
504 1170 565 1233 mit
586 1167 887 1254 voraufgebendem
904 1169 1051 1235 Perfect:
1074 1169 1150 1235 Cic.
1174 1194 1207 1235 n.
1224 1171 1257 1238 d.

149 1263 182 1327 1
211 1290 280 1335 cum
304 1270 489 1357 explicatae
512 1280 588 1335 sunt
610 1271 664 1352 (al.
689 1270 769 1356 sint)
783 1308 825 1318 -
846 1284 914 1335 tum
938 1282 997 1336 est.
1014 1320 1018 1330 .
1035 1270 1257 1357 Umgekehrte

132 1357 217 1451 *lge
237 1371 296 1437 der
318 1371 499 1456 Tempora:
530 1382 610 1436 orat.
637 1373 690 1452 16,
712 1372 755 1436 52
781 1394 854 1436 cum
884 1383 934 1438 est
961 1375 1063 1437 oratio
1085 1371 1193 1437 mollis
1216 1410 1257 1420 —

132 1481 176 1528 n
203 1484 231 1537 91
243 1485 380 1539 naturae
396 1474 507 1538 variae
530 1484 563 1539 et
585 1473 772 1538 voluntates
791 1473 927 1538 multum
943 1477 1028 1539 inter
1050 1496 1086 1538 sc
1101 1475 1258 1540 distentia

132 1583 290 1639 ficerunt
318 1597 440 1659 genera
468 1575 609 1640 dicendi.
658 1573 734 1638 fam.
768 1576 823 1654 13,
855 1577 912 1652 15,
944 1579 958 1638 l
990 1598 1087 1662 quem
1115 1599 1189 1640 eum
1218 1613 1258 1624 -

132 1670 249 1741 rilice
271 1674 391 1761 diligo,
414 1686 483 1740 tum
507 1688 633 1764 patrem
656 1677 726 1742 eius
749 1675 897 1741 intellexi
921 1690 953 1742 ct
976 1678 1076 1741 didici
1099 1676 1154 1762 (=
1177 1665 1280 1760 seio)¹

132 1762 196 1838 hi
217 1776 317 1843 fuisse
340 1799 469 1865 semper
490 1779 733 1843 amicissimum.

200 1877 376 1964 Ungleicbe
404 1880 672 1966 Tempusform,
707 1881 786 1944 aber
818 1879 978 1964 gleicbe
1010 1881 1258 1968 Zeitspbare

165 1975 213 2044 in
234 1979 411 2066 folgenden
434 1981 556 2046 Stellen
586 1983 645 2047 mit
674 1981 748 2047 dem
771 1982 876 2047 Indic.
901 2007 942 2047 zu
966 1983 1149 2047 erkennen:
1180 1982 1257 2047 Cic.

132 2091 190 2141 n.
216 2082 269 2165 12,
295 2083 350 2160 19,
372 2082 394 2149 2
422 2105 497 2148 eum
525 2086 596 2170 ipse
617 2085 803 2149 coniectura
825 2084 979 2169 consequi
1003 2095 1165 2168 poteram,
1189 2094 1259 2149 tum

132 2224 135 2234 ›
178 2185 249 2249 tuis
271 2184 391 2250 litteris
421 2186 573 2270 cognovi.
620 2186 668 2266 13,
692 2185 744 2266 24,
770 2188 783 2247 l
809 2206 882 2250 cum
904 2196 1002 2249 antea
1026 2184 1258 2272 —capiebam

132 2271 330 2370 vluptetem,
355 2322 393 2332 -
417 2297 486 2351 tum
509 2285 747 2352 verolaetatus
771 2308 854 2350 sum.
901 2287 950 2368 13,
973 2286 1025 2370 26,
1050 2289 1066 2349 1
1091 2287 1258 2374 cumipse

134 2397 146 2438 ³
175 2383 364 2467 iudicabat,
396 2398 465 2451 tum
487 2409 650 2475 -saepe
678 2409 719 2452 ex
748 2410 800 2452 me
821 2387 973 2453 audierat
996 2388 1032 2472 (i.
1056 2408 1083 2451 e.
1106 2387 1255 2472 sciebat).

198 2486 340 2553 Endlich
363 2487 451 2553 steht
472 2487 531 2553 der
547 2489 712 2554 Indicativ
733 2489 818 2554 aucb
836 2489 936 2570 dann,
960 2511 1055 2553 wenn
1070 2488 1123 2553 die
1138 2489 1256 2554 Zeiten

148 2601 203 2651 'ar
230 2589 382 2654 wirklicb
409 2590 622 2656 verschieden
659 2589 750 2673 sind,
786 2591 838 2655 die
867 2588 1087 2674 Handlung
1116 2590 1195 2655 aber
1223 2590 1256 2653 in

153 2680 231 2755 iden
258 2691 379 2756 Satzen
409 2690 597 2756 dieselbe
625 2692 684 2771 ist;
713 2693 746 2754 in
775 2691 833 2756 der
855 2691 942 2756 That
969 2693 1098 2756 werden
1119 2713 1181 2754 nur
1204 2692 1258 2755 die

160 2782 212 2854 bei
249 2792 431 2858 stehenden
470 2792 693 2858 adverbiellen
727 2793 1063 2876 Zeitbestimmungen
1102 2790 1258 2855 einander

168 2892 448 2979 reniibergestellt:
471 2894 719 2976 (11910912,
742 2893 795 2975 30,
818 2894 838 2957 2
861 2916 934 2959 eum
956 2904 1054 2959 antea
1075 2892 1258 2958 distinebar

175 2993 263 3060 simis
287 2996 569 3083 occupationibus,
586 3033 625 3042 -
642 3007 710 3060 tum
728 2995 789 3060 hoc
805 3004 951 3078 tempore
972 2993 1076 3058 multo
1099 2995 1258 3060 distineor

182 3100 348 3162 ementius.
387 3098 435 3176 13,
457 3099 501 3162 54
523 3118 584 3181 ego
607 3119 680 3160 cum
703 3110 799 3160 antea
821 3095 968 3160 studiose
990 3097 1257 3161 commendabam

188 3197 316 3283 cibum,
347 3208 416 3262 tum
444 3199 547 3263 multo
576 3219 662 3262 nunc
683 3198 862 3263 studiosius
885 3200 945 3280 (sc.
969 3196 1181 3279 commendo).
1226 3199 1257 3281 7,

212 3321 286 3364 nam
307 3323 359 3365 me
383 3322 458 3364 cum
481 3313 577 3364 antea
598 3299 752 3364 taedebat
766 3336 818 3380 -,
841 3311 912 3364 tum
927 3320 1005 3363 vero
1028 3297 1090 3361 hoc
1111 3310 1257 3385 tempore

208 3400 296 3466 nulla
317 3413 379 3466 est.

209 3503 228 3564 l.
254 3502 438 3568 Absolut
472 3503 766 3567 verschiedene
793 3501 909 3565 Zeiten
938 3500 1051 3567 beider
1082 3500 1181 3566 Satze
1208 3522 1256 3564 er-

215 3624 245 3667 m
266 3604 332 3668 den
355 3603 608 3691 Conjunctiv
631 3605 675 3667 im
691 3603 894 3686 Nebensatz;
918 3601 1029 3667 solche
1044 3600 1168 3667 Stellen
1183 3602 1256 3668 sind

224 3705 335 3771 :Cic
359 3705 437 3769 fam.
461 3706 495 3789 9,
521 3704 573 3785 14,
596 3707 617 3769 4
640 3706 723 3787 (Α11.
751 3705 804 3786 14,
832 3704 869 3768 11
893 3705 942 3786 A,
964 3705 1000 3786 4)
1025 3724 1098 3766 cum
1119 3714 1152 3767 te
1175 3725 1255 3767 sem-

230 3817 321 3872 ntum
350 3805 524 3871 dilexerim
551 3843 605 3887 —,
634 3817 702 3870 tum
732 3807 781 3870 his
808 3806 873 3871 tuis
905 3805 1000 3869 factis
1030 3806 1077 3868 sic
1104 3805 1256 3868 incensus

235 3920 254 3974 at
275 3917 331 3973 011.
376 3907 537 3972 Aebnlich
561 3909 620 3971 ist:
649 3906 726 3970 fam.
753 3907 803 3986 15,
827 3908 857 3986 9,
884 3909 898 3968 l
923 3927 995 3968 curn
1017 3915 1050 3967 te
1072 3928 1093 3969 a
1115 3905 1257 3991 pueritia

243 4011 293 4074 iee
322 4007 504 4102 dilexerim⁵
525 4018 625 4092 tuque
647 4031 697 4072 me
720 4029 848 4094 semper
869 4005 1108 4091 amplissimum
1130 4027 1202 4069 esse
1225 4016 1257 4069 et

248 4136 253 4171 r
280 4121 315 4176 et
335 4109 508 4194 iudicaris,
537 4119 606 4174 tum
635 4109 696 4174 boc
725 4109 777 4173 vel
807 4119 862 4173 tuo
891 4108 978 4172 facto
1008 4106 1059 4170 vel
1084 4105 1195 4194 populi
1216 4105 1256 4171 R.

255 4211 363 4277 udicio
393 4212 496 4276 multo
525 4213 633 4275 acrius
658 4250 697 4259 -
720 4209 832 4294 diligo.
879 4208 969 4273 Oder
996 4208 1050 4271 die
1078 4208 1256 4292 temporale

261 4313 368 4398 inung
390 4313 470 4378 wird
493 4314 537 4377 im
554 4312 738 4376 Nebensatz
763 4310 864 4374 durch
888 4309 952 4373 den
975 4307 1175 4396 Conjunctiv
1198 4308 1256 4373 des

270 4416 432 4500 amperf.
451 4413 650 4495 bezeichnct,
674 4413 803 4477 worauf
816 4412 874 4475 der
890 4409 1075 4496 Hauptsatz
1091 4411 1135 4474 im
1150 4409 1256 4475 Perf.

274 4536 312 4572 u.
326 4526 380 4565 hist
394 4527 483 4575 Syntax
497 4524 537 4565 der
551 4525 592 4564 lat.
607 4525 655 4572 spx.
670 4525 702 4564 11.
1072 4519 1105 4566 36
