2948 4988
683 302 868 365 ,6-

208 457 373 541 Negation
400 478 459 520 zur
488 454 723 537 Erklarung
750 454 806 518 des
835 464 958 517 ersten:
987 453 1019 517 h.
1052 456 1080 534 1,
1109 453 1149 516 21
1179 475 1237 518 nec
1259 454 1361 518 Lusi-

209 560 332 623 taniam
370 579 482 620 rursus
523 566 556 618 et
601 554 735 619 alterius
778 555 869 619 exilii
911 557 1064 619 honorem
1105 554 1360 640 expectandum.

209 660 338 724 3611011
362 659 505 722 contenti
529 658 658 741 agmine
690 668 722 720 01
744 657 944 741 corporibus.
989 679 1064 719 anu.
1087 657 1118 739 3,
1140 657 1161 720 5
1182 678 1223 719 ue
1245 655 1362 721 solitos

213 761 346 847 quidem
372 771 404 824 et
426 760 617 843 cuicumque
639 756 742 822 nobili
765 756 893 822 debitos
917 758 1066 824 honores.

294 863 334 925 In
356 859 652 946 pathetischem
681 859 858 942 Vortrage:
890 864 969 944 Agr.
993 859 1034 924 45
1062 881 1127 923 non
1149 860 1233 924 vidit
1254 862 1360 944 Agri·

208 963 282 1028 cola
310 963 476 1026 obsessam
506 961 630 1026 curiam
661 970 694 1022 et
722 959 868 1024 clausum
898 961 996 1025 armis
1020 971 1166 1025 senatum
1189 971 1221 1023 01
1243 959 1362 1024 eadem

211 1075 322 1149 strage
346 1076 402 1127 011,
435 1063 595 1146 Dugcgcn
612 1071 695 1125 aetat
711 1061 784 1126 Seu.
809 1084 897 1127 cons.
921 1063 962 1125 ad
979 1062 1081 1127 Marc.
1103 1063 1154 1145 20,
1177 1063 1197 1127 6
1219 1064 1251 1126 in
1268 1063 1362 1127 einer

212 1165 385 1231 tthulichen
411 1163 510 1229 Stelle
538 1185 609 1227 aec:
638 1185 701 1227 nou
733 1163 871 1227 vidisset
899 1165 1032 1228 strictos
1059 1166 1093 1227 in
1116 1162 1228 1227 civilia
1250 1163 1364 1250 capita.

209 1289 383 1332 mucrones
411 1287 472 1329 nec
494 1265 603 1328 divisa
631 1265 877 1350 percussoribus
905 1265 1196 1331 occisorum·boua
1218 1303 1269 1344 -,
1292 1288 1363 1330 non

210 1370 339 1434 hastam
362 1406 403 1415 -
426 1388 487 1430 nee
509 1366 624 1430 caedes
646 1387 707 1429 uec
729 1366 834 1431 locata
856 1366 986 1453 publice
1008 1365 1186 1431 latrocinia.

295 1471 326 1535 4.
349 1466 595 1533 Etdientauch
612 1490 671 1530 zur
694 1467 975 1553 Ankui'rpfung
998 1467 1109 1532 eines
1132 1467 1362 1552 negativen

212 1569 425 1656 Begrifses
448 1591 496 1632 an
519 1569 635 1632 einen
659 1570 871 1654 positiven
894 1570 959 1634 und
983 1570 1070 1633 steht

294 1672 328 1758 a)
351 1693 410 1735 vor
437 1692 517 1753 11011,
548 1692 641 1734 weun
675 1669 778 1733 durch
808 1692 873 1735 11011
905 1671 995 1735 nicht
1029 1672 1081 1734 ein
1113 1692 1236 1755 ganzes
1268 1669 1361 1755 Sata,

212 1773 355 1838 sonderu
378 1794 450 1835 uur
473 1771 536 1835 ein
564 1770 766 1836 Satztheil
796 1773 946 1837 verueint
969 1770 1048 1837 oder
1070 1771 1124 1835 die
1148 1771 1363 1858 Verucinung

210 1867 547 1957 herrorgehobcn
571 1873 664 1938 wird.
704 1874 784 1939 Cic.
807 1874 900 1937 Verr.
916 1873 963 1954 ΙΙ,
990 1875 1017 1954 1,
1045 1875 1059 1936 1
1084 1875 1199 1956 patior,
1223 1873 1361 1955 iudices,

213 1987 245 2041 et
272 1997 337 2039 non
367 1974 501 2038 moleste
531 1975 612 2039 fero.
656 1978 687 2057 3,
711 1977 752 2041 36
775 1975 866 2040 aliud
895 1975 1051 2061 quiddam
1074 1985 1106 2039 01
1128 1998 1192 2039 non
1215 1976 1249 2039 id
1272 1978 1362 2061 quod

211 2077 396 2164 suscepisti.
440 2077 470 2155 3,
495 2077 535 2138 90
559 2078 708 2164 exempla
730 2079 914 2164 quaerimus
939 2086 971 2141 01
992 2098 1031 2140 ea
1052 2097 1116 2139 non
1139 2077 1284 2163 antiqua.
1328 2079 1363 2159 4,

149 2232 152 2238 ,
211 2180 253 2244 60
275 2177 408 2261 longum
438 2188 488 2241 est
517 2187 549 2242 ct
577 2200 641 2242 non
669 2178 899 2244 necessarium.
933 2201 1037 2263 prov.
1066 2200 1154 2243 conr.
1180 2178 1218 2243 18
1242 2189 1274 2243 01
1295 2202 1363 2244 11011

215 2280 311 2345 modo
339 2317 374 2327 -
401 2279 459 2343 sed
490 2281 597 2343 etiam.
643 2281 706 2365 leg.
735 2281 765 2363 2,
792 2282 829 2344 17
862 2282 1036 2365 reprimam
1068 2282 1133 2344 iam
1160 2302 1211 2344 me
1239 2293 1271 2346 et
1296 2303 1365 2346 non

212 2383 366 2474 insequar
396 2379 534 2465 lougius.
580 2382 632 2446 off.
664 2385 691 2465 1,
724 2382 764 2445 10
790 2381 932 2466 migrare
960 2382 1124 2445 interdum
1154 2394 1186 2446 01
1207 2404 1271 2446 11011
1294 2405 1362 2446 ser·

98 2480 102 2485 ⁴
212 2506 301 2548 vere.
346 2481 450 2547 Ibid.:
481 2494 699 2548 commutatur
726 2482 871 2547 officium
900 2492 932 2546 01
953 2505 1019 2546 11011
1041 2505 1170 2569 semper
1192 2493 1240 2547 est
1262 2484 1362 2549 idem.

214 2587 283 2650 Zur
305 2583 568 2669 Hervorhebuug
593 2586 649 2650 des
669 2584 909 2669 Gegensatzes:
935 2584 988 2651 off.
1014 2586 1042 2665 1,
1065 2585 1096 2668 2,
1117 2585 1138 2648 5
1160 2585 1188 2648 si
1212 2585 1275 2649 sibi
1290 2587 1366 2671 ipse

216 2686 402 2752 consentiat
424 2698 456 2750 et
478 2708 541 2750 non
564 2687 728 2751 interdum
750 2695 886 2750 naturae
909 2685 1055 2751 bonitate
1078 2687 1238 2750 vincatur.
1283 2686 1363 2751 fam.

217 2790 266 2869 13,
290 2789 342 2868 22,
371 2792 384 2849 l
416 2799 449 2850 01
475 2810 495 2850 a
523 2789 643 2850 nostris
673 2787 790 2852 studiis
819 2810 884 2852 non
913 2786 1075 2854 abhorret.
1121 2788 1174 2851 off.
1205 2791 1232 2867 1,
1260 2789 1299 2851 41
1329 2801 1365 2853 et

218 2887 371 2953 facienda
398 2898 431 2951 ct
458 2887 708 2953 nonfacienda.
753 2890 794 2953 ad
817 2889 942 2969 11111,
966 2889 1017 2969 22,
1041 2889 1061 2952 6
1088 2889 1282 2973 negligentis
1307 2890 1364 2953 ho·

215 2991 313 3054 minis
337 2997 369 3053 et
396 3011 462 3053 non
489 2988 567 3053 boni
596 3001 727 3075 poetae,
759 2990 816 3054 sed
838 3001 946 3054 tamen
969 3012 1031 3054 non
1055 2989 1190 3054 inutilis.
1235 2992 1266 3072 6,
1289 2992 1365 3074 6,3

213 3113 349 3176 puerum
372 3099 405 3154 et
420 3089 558 3154 fortasse
573 3090 700 3155 fatuum
716 3101 748 3155 et
770 3115 835 3157 non
851 3114 986 3177 gravem
1002 3102 1033 3155 et
1048 3114 1112 3156 non
1128 3091 1363 3156 continentem.

215 3193 326 3259 Caes.
352 3192 384 3255 b.
406 3214 439 3276 g.
463 3192 492 3272 3,
515 3191 568 3274 29,
590 3192 621 3255 2.
658 3193 690 3276 ,6,
712 3194 766 3275 43,
789 3195 819 3258 5.
844 3193 874 3257 b.
899 3215 925 3256 e.
951 3196 980 3275 1,
1004 3194 1056 3274 81,
1078 3192 1108 3256 2.
1152 3193 1237 3260 Liv.
1265 3194 1297 3276 3,
1320 3195 1363 3260 47

217 3295 388 3359 circumire
411 3304 444 3357 et
466 3316 619 3379 prensare
642 3296 788 3359 homines
811 3296 919 3381 coepit
946 3305 979 3359 et
1000 3317 1065 3358 nou
1088 3316 1178 3358 orare
1201 3294 1306 3359 solum
1321 3334 1365 3344 -

218 3394 287 3459 sed.
331 3395 372 3459 56
397 3395 473 3458 deos
497 3396 627 3460 tandem
651 3419 723 3460 esse
745 3407 778 3461 et
799 3419 863 3460 non
885 3396 1052 3481 negligere
1067 3397 1219 3460 humana.
1246 3396 1298 3477 21,
1320 3397 1363 3461 41

217 3498 341 3561 utinam
364 3518 422 3582 pro
446 3495 561 3562 decore
583 3507 710 3562 tantum
733 3498 795 3563 hoc
810 3496 905 3562 robis
928 3509 960 3561 et
983 3520 1046 3561 uon
1069 3520 1127 3584 pro
1150 3496 1255 3563 salute
1277 3510 1365 3563 esset

216 3609 392 3663 certamen.
435 3600 488 3682 44,
519 3598 558 3661 10
585 3601 780 3685 quingentos
808 3599 997 3664 occiderunt
1025 3610 1057 3664 et
1084 3622 1148 3664 non
1177 3601 1282 3663 minus
1311 3622 1364 3665 ee-

216 3709 344 3786 perunt.
379 3738 416 3747 -
442 3700 600 3764 Dennoch
629 3700 731 3766 findet
759 3702 828 3766 sich
856 3723 970 3784 seqare,
1000 3723 1050 3766 wo
1078 3723 1153 3765 man
1175 3707 1289 3767 atnoe
1315 3722 1365 3766 01-
1450 3742 1453 3746 <

216 3811 348 3883 warte13
372 3824 397 3864 s.
421 3806 452 3883 ξ.
474 3802 547 3885 318,
569 3803 599 3867 5.

304 3904 347 3967 So
370 3902 459 3967 steht
479 3926 545 3967 nun
568 3910 597 3968 ct
617 3926 682 3969 aee
704 3927 762 3968 aur
778 3905 953 3971 Correctur
973 3906 1063 3968 eines
1078 3904 1366 3989 voraufgehenden

216 4003 377 4089 Begriffes
410 4005 488 4069 oder
522 4005 738 4086 chankens,
776 4005 954 4072 besouders
993 4027 1087 4070 werm
1126 4005 1278 4069 letzterer
1316 4005 1366 4071 als

217 4105 343 4171 seleche
372 4106 640 4192 Voraussetzung
663 4108 765 4172 durch
793 4111 838 4192 si,
864 4110 971 4191 quasi,
994 4113 1157 4190 tanlquam
1179 4107 1367 4191 eingclcitet

217 4209 277 4274 ist:
302 4208 372 4273 Cic.
395 4210 462 4274 inv.
490 4210 521 4290 2,
549 4210 590 4274 47
618 4213 647 4275 si
675 4212 897 4296 uuusquisque
930 4211 1011 4274 velit
1039 4207 1139 4273 verba
1161 4218 1310 4296 spectare
1332 4222 1367 4275 et

218 4310 336 4372 nouad
361 4312 563 4376 voluntatem
577 4311 657 4390 eius,
674 4313 729 4397 qui
746 4333 784 4374 ea
799 4310 1072 4394 verbahabucrit,
1095 4310 1259 4377 accedere.
1288 4313 1366 4381 fam.
1433 4382 1443 4397 ,

222 4411 251 4491 7,
277 4410 316 4474 12
342 4414 371 4476 si
388 4422 420 4476 te
435 4413 614 4478 'Parentum
637 4422 671 4477 01
691 4436 756 4478 11011
770 4412 1035 4478 Samarobrivam
1049 4414 1224 4478 misissem.
1244 4436 1312 4500 rep.
1338 4418 1368 4500 1,
