2948 4988
614 292 840 357 -268-

243 462 438 527 Celebratnin
460 483 486 523 s.
509 469 606 524 auten
631 463 751 528 tritum.

244 562 369 628 Certum
391 585 453 626 nur
474 563 506 626 in
531 562 588 625 der
611 562 691 625 zwei
714 561 781 626 Mal
805 561 1042 627 beobachteten
1071 561 1201 626 Formel
1222 560 1305 625 nibil
1341 574 1347 583 '

159 667 273 730 certius
294 670 338 729 est
359 686 455 747 qnam
477 670 528 728 nt:
564 664 641 728 Cio.
665 663 705 726 de
728 687 772 727 or.
797 664 829 746 2,
852 664 882 747 9,
904 663 946 728 38
968 672 1076 728 tamen
1099 661 1160 727 hoc
1183 664 1305 727 certius

159 764 240 829 nihil
264 787 336 837 osse
357 774 465 850 potest
494 787 590 850 quam
613 804 655 812 —
677 774 713 829 ut
741 766 855 844 ceteri,
885 764 912 827 si
936 765 1048 829 diserti
1072 764 1152 849 sint,
1179 762 1305 849 aliquid

162 867 204 930 ab
228 865 291 932 hoc
313 866 465 931 habeant.
505 865 547 929 ad
570 869 640 931 Au.
667 866 717 950 10,
738 866 811 945 4,8
841 867 999 952 imprimis
1025 865 1106 940 nihil
1136 887 1209 931 6666
1238 886 1305 928 cer·

160 969 226 1031 tius
257 989 352 1053 quam
384 978 419 1032 ut
444 990 616 1032 omnes-
645 968 905 1032 restituerentur.
961 966 1139 1032 Entweder
1166 968 1210 1031 ist
1232 966 1304 1030 hier

159 1069 214 1132 die
249 1080 435 1156 stereotype
465 1067 596 1134 Formel
624 1091 720 1151 quani
745 1075 780 1134 nt
811 1069 1159 1154 gewohnheitsmiissig
1193 1068 1305 1133 beibo-

160 1170 274 1236 hulten
298 1171 434 1235 oderes
458 1170 519 1235 soll
541 1170 631 1235 nieht
654 1171 750 1235 lnlin.
778 1193 852 1236 vom
881 1170 977 1236 Infin.
1003 1171 1185 1255 abhtngen.
1228 1168 1306 1254 Vgl.

160 1283 259 1337 unten
282 1293 390 1338 veram
415 1272 479 1335 und
502 1274 679 1338 verisimile.

100 1448 103 1456 ¹
245 1373 426 1458 Conprnens
448 1381 706 1459 „angemessen“
734 1384 801 1437 erst
828 1372 882 1437 bei
906 1373 1010 1438 Gall.
1033 1374 1065 1457 4,
1089 1375 1141 1455 17,
1166 1374 1207 1438 13
1229 1395 1304 1438 eon·

160 1498 281 1559 gruona
315 1474 417 1559 igitur
445 1485 494 1539 est
522 1485 558 1539 ut
583 1475 706 1539 -6161
735 1483 891 1561 oporteat.
935 1477 986 1557 17,
1014 1475 1044 1557 8,
1077 1475 1114 1539 13
1141 1483 1193 1557 ut,
1222 1495 1306 1560 quae

161 1577 337 1659 frigidiora
371 1585 463 1662 sunt,
502 1575 598 1640 facile
630 1586 800 1662 cogantur.
855 1576 962 1641 Laot.
992 1577 1023 1659 4,
1053 1576 1106 1660 27,
1140 1577 1158 1641 7
1194 1596 1306 1659 congr.

162 1677 326 1742 maiestati
360 1677 424 1741 fuit
451 1687 488 1741 ut
516 1699 570 1742 cos
597 1715 638 1725 -
667 1681 780 1764 poenis
808 1677 988 1744 afficerent.
1036 1678 1066 1759 7,
1094 1677 1145 1758 26,
1172 1679 1211 1740 17
1239 1677 1306 1739 und

62 1774 72 1797 ”
163 1777 250 1841 noch
272 1779 305 1842 in
329 1779 393 1842 den
416 1780 588 1863 Digesten.
631 1779 707 1864 Vgl.
730 1789 830 1844 unten
852 1782 1070 1862 incongruens.

249 1879 513 1945 Consentaneum:
536 1879 666 1944 Plaut.
691 1880 809 1948 Bacch.
841 1882 901 1945 139
928 1903 993 1945 uon
1014 1902 1075 1966 par
1097 1878 1230 1945 videtur
1253 1900 1305 1943 ne-

161 2005 224 2071 que
250 1983 293 2047 sit
316 1991 568 2047 consentaneum
591 2019 632 2029 -
655 1991 826 2068 praesente
853 1984 1014 2047 ibus·una
1036 1981 1248 2068 paedagogus
1271 1991 1307 2044 ut

161 2089 234 2150 siet.
281 2085 378 2148 Sonst
400 2106 461 2147 nur
484 2084 565 2148 noch
590 2085 667 2148 Cio.
690 2085 745 2147 fin.
769 2085 800 2166 3,
824 2084 876 2165 20,
899 2085 940 2148 68
968 2106 1054 2149 6666.
1079 2092 1129 2148 est
1149 2081 1228 2148 huic
1250 2105 1305 2146 na·

161 2199 257 2252 turrae
273 2198 310 2250 ut
325 2187 456 2270 sapiens
472 2185 552 2249 velit
567 2207 680 2270 gerere
696 2194 729 2249 et
743 2186 974 2250 administrare
989 2208 1090 2272 remp.
1104 2223 1146 2233 -
1157 2186 1255 2250 Eben
1270 2206 1305 2248 so

246 2288 438 2353 Conveniens
471 2309 532 2350 nur
559 2287 612 2351 bei
640 2287 746 2351 Lact.
775 2288 852 2373 epit.
887 2288 938 2367 68,
965 2289 1006 2352 23
1036 2297 1085 2352 est
1113 2289 1200 2352 enim
1232 2309 1305 2351 con·
1343 2328 1355 2334 -

162 2392 348 2454 venientius
370 2397 407 2452 ut
429 2388 521 2452 Deus
545 2389 653 2452 omnia
674 2388 798 2451 fecerit.
833 2388 992 2474 Dagegen
1015 2389 1099 2453 noch
1121 2386 1355 2474 regelreclrtz

162 2492 215 2556 bei
239 2490 322 2554 Plin.
345 2489 374 2555 h.
398 2512 429 2554 n.
452 2491 494 2554 34
517 2493 546 2570 ἓ.
571 2490 612 2554 35
636 2488 702 2552 (1161
725 2491 970 2554 convenientius
993 2491 1063 2555 erit.
1107 2489 1182 2574 Vgl.
1206 2498 1355 2553 anterr-

159 2594 384 2658 inconveniens,

248 2694 419 2760 Credibile:
442 2693 528 2756 Ter.
546 2693 649 2757 Andr.
665 2694 696 2775 4,
723 2695 750 2774 1,
780 2696 794 2755 1
819 2695 967 2759 hocincst
988 2691 1140 2758 credibili
1163 2702 1222 2757 aut
1245 2715 1355 2759 mis

166 2794 341 2877 morabile,
365 2795 626 2859 tantavecordia
648 2797 760 2858 inuata
782 2796 930 2881 cuiquam
954 2807 991 2860 ut
1013 2795 1086 2858 siet.
1129 2795 1203 2858 Nur
1225 2795 1308 2860 noc*
1351 2831 1355 2836 -

166 2896 249 2960 Vol.
274 2896 374 2960 Max.
396 2897 425 2971 4,
452 2898 463 2959 1
492 2906 558 2962 ext.
584 2898 598 2960 1
623 2895 745 2960 adiecit
766 2917 829 2960 nou
861 2919 931 2961 esse
954 2895 1110 2962 credibile
1132 2906 1183 2977 ut,
1213 2918 1355 2984 que-

159 3006 328 3083 tantopere
342 3006 481 3080 amaret,
505 2997 546 3063 ab
570 3021 606 3064 eo
622 2999 762 3063 invicem
794 3021 858 3062 non
874 2997 1075 3083 diligeretur.
1112 2998 1190 3083 Vgl.
1206 3008 1355 3065 unu}

160 3101 338 3165 incredibile
360 3099 427 3163 und
450 3101 626 3165 verisimile.

243 3200 354 3268 Facile
376 3201 443 3264 und
465 3202 607 3286 difficile,
636 3201 733 3265 beide
755 3212 822 3267 erst
844 3203 887 3267 im
920 3202 1121 3289 Spfitlatein:
1156 3202 1265 3267 Justi

162 3308 190 3387 1,
214 3305 245 3386 9,
268 3305 288 3368 6
311 3313 381 3368 erat
408 3305 492 3367 enim
522 3303 658 3367 difficile
686 3313 723 3368 ut
753 3313 903 3390 parceret
931 3306 1008 3368 suis.
1052 3304 1184 3391 Spart.
1213 3305 1355 3369 Ρ6Ξ

163 3411 302 3470 Irarum
324 3416 422 3491 atque
437 3404 572 3470 difficile
594 3415 644 3469 est
657 3415 706 3478 ut,
730 3428 811 3492 quos
833 3416 991 3491 tyrannos
1015 3407 1152 3471 aliorum
1168 3408 1355 3472 viotot

159 3509 288 3585 fecerit,
323 3507 404 3571 bene
437 3508 609 3572 mittantur
641 3507 674 3570 in
706 3507 841 3573 litteras.
887 3509 1041 3593 Lampr.
1078 3507 1131 3571 Al.
1160 3508 1237 3573 ch.

159 3608 287 3672 facilius
315 3607 378 3671 fuit
407 3616 503 3671 ut-
535 3609 725 3694 acciperem.
782 3609 890 3673 Laot.
929 3610 959 3693 4,
986 3609 1080 3690 22,3
1113 3611 1210 3696 quasi
1241 3632 1280 3673 ιι
1310 3634 1355 3663 ⁴·

158 3710 255 3773 facile
275 3708 324 3773 illi
348 3719 434 3774 esset
455 3719 491 3775 ut
514 3748 553 3757 —
576 3730 611 3773 se
633 3711 828 3775 ostenderet.

178 3865 180 3871 .
244 3810 379 3876 Falsum
401 3835 462 3875 nur
485 3812 564 3876 Cic.
591 3811 657 3875 div.
685 3811 717 3894 2,
740 3814 791 3895 31,
816 3812 857 3876 66
890 3812 930 3876 (16
953 3811 1024 3899 ipso
1054 3812 1174 3878 Roscio
1197 3821 1355 3899 pote

158 3915 239 3979 iliud
259 3913 390 3999 quidem
414 3936 485 3977 esse
500 3912 621 3978 falsum
648 3924 685 3979 ut
699 3914 941 3998 circumligatus
963 3914 1063 3978 fuerit
1084 3916 1196 4000 angui.
1229 3913 1355 3990 ΥΞ

158 4026 257 4080 unteu
279 4037 387 4080 verum
408 4016 474 4079 und
497 4017 673 4081 verisimile.

244 4115 423 4182 Gloriosnnv
446 4139 470 4180 s.
494 4127 593 4181 unten
617 4120 828 4201 magnifieum.

243 4216 459 4301 Inconprnens
485 4218 552 4281 und
579 4221 797 4285 inconveniens
824 4220 1030 4302 orsoheinou,
1064 4220 1124 4284 wie
1153 4220 1207 4284 dio
1234 4210 1353 4281 ont·

159 4318 381 4406 sprechenden
399 4321 572 4404 'positiven
598 4319 754 4400 Formen,
784 4331 850 4386 erst
878 4324 922 4386 im
953 4321 1137 4407 Spatlatoin
1166 4323 1226 4386 mit
1250 4311 1318 4383 nl
1328 4322 1344 4363 ·'

159 4421 267 4484 Luat.
297 4421 328 4504 2,
354 4423 404 4504 17,
434 4423 453 4485 6
485 4445 556 4487 6666
589 4431 696 4487 aulem
730 4445 919 4508 perversum
952 4432 984 4487 et
1018 4423 1235 4508 incongruens
1262 4443 1278 4485 u
1306 4411 1335 4471 Ι
