2948 4988
617 322 848 384 -742-

242 496 274 574 ἕ.
296 492 369 558 569.
405 489 723 576 Abhangigkeit
756 490 826 554 der
853 488 1095 556 Concessiv·
1123 488 1192 555 und
1212 487 1261 553 Be·

158 596 480 680 dingungsstttze
501 613 577 656 von
599 591 804 659 einander.

245 697 270 759 1.
309 695 417 759 Wenn
440 695 492 759 ein
515 693 814 760 Concessivsatn
839 694 899 758 auf
919 692 1010 759 diese
1032 692 1142 758 Weiss
1162 693 1204 758 die
1218 691 1260 755 Pa

157 797 249 861 riode
279 796 430 881 beginnt,
460 816 496 860 so
524 795 586 880 gilt
614 817 650 859 er
676 796 711 859 in
739 794 798 859 der
819 795 923 881 Regel
949 794 999 860 als
1021 797 1076 860 ein
1097 794 1153 860 das
1172 792 1260 877 Vorige

158 896 397 983 corrigirender
419 896 615 984 Hauptsatz.
660 896 724 960 Die
746 896 843 961 Form
866 899 911 962 ist
935 897 1100 962 dreifach:

244 1020 274 1062 a.
306 997 506 1079 Quamquam
521 1035 563 1045 —
578 1000 645 1079 etsi,
669 1006 737 1062 erst
758 997 811 1062 bei
827 998 912 1063 Liv.
928 999 979 1080 21,
998 1000 1049 1080 19,
1064 1000 1086 1062 4
1106 1016 1260 1084 quamquam

159 1097 379 1183 („freilich“),
402 1109 434 1162 et
455 1098 483 1161 si
506 1100 625 1181 („auch
641 1100 772 1185 wenn“)
793 1101 901 1186 priore
922 1099 1055 1164 foedere
1077 1109 1211 1181 staretur,
1227 1117 1260 1159 ss·

159 1201 201 1264 tis
228 1208 359 1274 cautum
393 1210 463 1263 erat
491 1199 693 1284 Saguntinis.
737 1198 853 1286 Apul.
881 1202 965 1287 apol.
988 1203 1030 1266 79
1058 1224 1105 1288 q.,
1132 1210 1163 1265 et
1183 1200 1205 1263 si
1224 1197 1260 1262 de

159 1302 305 1367 strictius
327 1322 458 1386 magum
480 1322 532 1364 me
555 1300 702 1380 dixisset,
725 1310 836 1386 posset
859 1302 964 1367 videri
987 1312 1044 1367 ctt.
1086 1301 1171 1387 Dig.
1188 1299 1226 1378 36,
1240 1298 1262 1378 3,

162 1406 189 1480 l,
212 1403 255 1467 20
277 1425 306 1490 q.
313 1451 323 1486 ,
352 1411 386 1466 et
407 1403 435 1466 si
458 1403 529 1466 sine
551 1401 612 1468 hac
633 1402 818 1467 adiectione
838 1413 1025 1486 caveretur,
1057 1425 1168 1494 verum
1187 1412 1262 1466 unco

160 1514 286 1591 patrem
310 1541 350 1552 -
373 1504 650 1583 submovemus,
673 1506 702 1569 si
724 1514 781 1569 ctt.

141 1610 153 1636 ⁸
245 1605 277 1670 b.
303 1605 504 1688 Quamquam
522 1642 557 1653 —
574 1609 718 1689 quautam
739 1629 801 1671 nur
817 1607 895 1671 (tic.
911 1605 1009 1670 Taso.
1029 1608 1045 1670 l
1062 1610 1092 1688 ξ.
1111 1605 1168 1671 109
1185 1621 1264 1690 quau·

160 1728 258 1793 quam
287 1707 373 1771 enim
390 1728 517 1772 sensus
546 1707 664 1772 abierit
683 1706 758 1793 (fut.
782 1707 842 1794 11),
870 1717 980 1772 tamen
1008 1708 1077 1772 suis
1104 1717 1136 1772 et
1161 1703 1264 1794 propriis

160 1809 255 1874 bonis
284 1806 392 1873 laudis
415 1818 449 1873 et
469 1807 607 1894 gloriae,
635 1809 785 1896 quamvis
812 1831 879 1875 non
906 1810 1067 1887 sentiant,
1096 1808 1204 1875 mortui
1224 1824 1265 1872 nou

162 1920 283 1979 carent.
321 1909 413 1975 Lael.
431 1914 460 1991 ξ.
477 1910 517 1975 97
540 1929 734 1997 quamquam
756 1909 821 1975 ista
843 1909 1041 1993 adsentatio,
1064 1913 1265 1999 quamvisper·

162 2012 286 2076 niciosa
309 2012 362 2094 sit,
385 2033 504 2078 nocere
525 2022 634 2077 tamen
658 2014 777 2077 nemini
800 2022 918 2100 potest.

245 2135 273 2180 c.
296 2112 369 2179 Eae·
391 2150 430 2161 —
455 2117 616 2198 mmsis:
639 2113 718 2180 Cic.
744 2117 813 2180 Att.
839 2116 888 2195 16,
912 2117 943 2198 7,
965 2117 1070 2180 2etsi
1092 2110 1266 2200 („freitich“),

160 2215 309 2301 quamvis
331 2237 397 2280 uon
424 2214 526 2281 fueris
554 2238 669 2282 suasor
692 2253 747 2298 —,
769 2217 968 2302 approbator
988 2227 1078 2282 certe
1098 2217 1195 2282 fuisti.
1223 2215 1266 2277 m·

162 2317 237 2381 ders
259 2316 313 2381 bei
327 2316 414 2382 Liv.
429 2318 459 2397 5,
474 2318 527 2401 42,
545 2319 563 2382 7
586 2316 668 2383 nihil
689 2328 800 2383 tamen
818 2354 854 2365 -
871 2316 1035 2383 flexerunt
1056 2319 1187 2399 animos,
1205 2311 1266 2401 quiu

162 2420 224 2484 etsi
246 2419 356 2483 omnia
376 2417 515 2484 flammis
537 2427 676 2505 aequata
698 2418 872 2502 vidissent,
900 2421 1052 2505 quamvis
1078 2420 1200 2508 inopem
1220 2432 1267 2503 pu·

161 2541 303 2607 vumque
331 2557 373 2568 —
401 2518 516 2586 collem
543 2520 666 2586 virtute
699 2519 913 2585 defenderent
940 2523 1007 2602 (wo
1042 2523 1187 2608 quamvis
1210 2516 1268 2584 oue

162 2621 309 2688 Verbum
331 2622 443 2706 steht).

246 2723 276 2788 2.
309 2724 375 2788 Ein
399 2724 736 2807 Bedingungssatz
760 2724 897 2809 beginnt
918 2723 971 2789 die
994 2724 1144 2808 Periode,
1165 2745 1194 2787 es
1212 2716 1290 2799 fuga

162 2826 302 2890 etiamsi:
327 2824 407 2889 Cio.
431 2826 498 2889 div.
521 2827 542 2887 2
565 2828 595 2905 ξ,
618 2826 658 2888 21
681 2836 737 2889 aut
759 2826 861 2909 igitur
882 2847 948 2890 non
970 2826 1041 2891 fato
1069 2827 1189 2891 interiit
1206 2837 1267 2886 exer·

163 2927 246 2990 citus
270 2965 309 2974 -
333 2936 391 2991 aut
411 2929 440 2991 si
461 2927 546 3009 fato,
570 2928 717 2990 etiamsi
740 2928 1000 3014 obtemperasset
1022 2928 1186 3016 auspiciis,
1210 2923 1267 2989 idem

163 3038 356 3092 eventurum
378 3028 503 3092 fuisset.
542 3028 647 3112 (Aber
670 3027 759 3091 nicht
781 3029 872 3092 mehr
892 3052 924 3114 p.
940 3029 1016 3114 Lig.
1032 3034 1061 3111 ὅ.
1078 3031 1128 3106 25,
1151 3049 1194 3094 wo
1210 3026 1268 3112 jeut

161 3128 279 3192 anders
307 3130 526 3217 interpungirt
553 3130 661 3211 wird.)
707 3129 805 3195 Catil.
828 3130 848 3192 2
876 3134 906 3212 ξ.
929 3131 972 3195 23
1000 3132 1056 3217 qui
1083 3134 1147 3197 ussi
1171 3128 1266 3196 exunt

162 3230 224 3293 nisi
246 3240 391 3316 pereunt,
415 3233 513 3296 etiam
536 3232 564 3296 si
588 3232 730 3296 Catilina
752 3232 902 3318 perierit,
925 3234 1044 3297 scitote
1065 3243 1121 3297 ctt.

247 3332 278 3399 3.
317 3332 386 3396 Der
408 3332 592 3420 Hauptsatz
620 3333 700 3420 geht
727 3334 860 3398 vorauf:
889 3334 943 3398 fin.
966 3336 1001 3417 3,
1025 3335 1061 3414 5,
1087 3336 1124 3399 17
1146 3353 1214 3420 quos
1230 3324 1264 3388 dt·

164 3432 276 3497 lectari
300 3435 461 3517 videmus,
484 3437 581 3500 etiam
598 3437 626 3500 si
642 3458 752 3500 eorum
775 3435 856 3500 nihil
879 3437 1019 3519 intersit,
1043 3437 1071 3500 si
1087 3437 1162 3522 quid
1175 3430 1264 3498 ratione

163 3555 221 3620 per
243 3558 278 3599 se
302 3537 364 3623 ipsi
387 3538 581 3601 invenerint.

248 3641 276 3718 ξ.
298 3639 371 3702 570.
401 3640 464 3702 Die
486 3638 663 3724 temporale
679 3638 826 3705 Partikel
849 3660 930 3721 cums,
954 3640 1036 3703 tiber
1058 3640 1155 3704 deren
1173 3623 1263 3701 caustie

164 3739 359 3823 Bedeutung
386 3743 415 3820 ξ.
441 3741 505 3804 534
533 3740 682 3823 handelt,
718 3741 797 3805 wird
824 3741 907 3805 aueh
936 3743 968 3803 iu
1001 3740 1262 3806 adversativam

164 3863 184 3903 u
194 3839 243 3904 nd
258 3844 464 3921 concessis
474 3864 529 3906 em
547 3845 646 3907 Sinne
661 3841 850 3926 gebraucht.
882 3842 952 3906 Der
966 3842 1086 3908 Modus
1101 3846 1141 3907 ist
1155 3844 1193 3906 im
1207 3833 1263 3900 dun

163 3941 280 4006 Latein
307 3941 366 4006 der
393 3945 572 4021 Indioativ‚
602 3946 663 4008 wie
692 3943 838 4008 Liibbert
864 3943 897 4008 S.
923 3944 1090 4010 117-123
1118 3933 1262 4008 nachweist

164 4043 272 4108 indem
297 4066 332 4108 er
354 4067 412 4109 aus
430 4044 564 4110 Plautus
580 4047 630 4123 25,
654 4068 712 4109 aus
735 4046 861 4110 Terens
877 4046 897 4110 3
913 4044 1038 4110 Stellen
1058 4045 1191 4123 anfahrt,
1209 4060 1228 4102 1·
1238 4026 1261 4138 B:

164 4144 217 4208 Pl.
240 4145 330 4213 Men.
353 4146 414 4210 831
438 4147 490 4211 hei
514 4147 611 4229 mihi,
640 4148 784 4212 insanire
806 4169 858 4212 me
879 4148 988 4232 aiunt,
1016 4148 1103 4213 ultro
1125 4166 1208 4235 quom
1223 4137 1262 4219 {1³⁶¹

164 4248 341 4313 insaniunt.
374 4249 476 4312 Persa
493 4251 562 4314 173.
596 4250 676 4337 Cap.
692 4250 756 4316 255
778 4251 833 4337 qui
854 4258 950 4314 cavet
969 4271 1012 4314 ne
1035 4251 1210 4337 decipiatur,
1226 4232 1262 4300 vi¹

164 4358 270 4431 cavet,
286 4372 384 4435 quom
400 4352 497 4416 etiam
512 4363 616 4417 cavet.
651 4353 734 4418 Rud.
749 4352 812 4418 378
828 4374 859 4438 q.
877 4352 1040 4416 scribatis.
1074 4354 1154 4417 Ter.
1170 4349 1261 4413 Ptou·

164 4451 206 4513 22
228 4450 269 4515 de
292 4451 348 4516 illu
371 4454 435 4519 iam
464 4455 561 4518 finem
590 4456 709 4519 faciam
738 4452 869 4519 dicendi
897 4453 993 4538 mibi,
1025 4451 1175 4541 peccandi
1198 4451 1262 4532 q11⁰ffl
