2948 4988
620 340 849 406 -540-

159 515 192 578 S.
216 514 382 578 153-155
404 535 462 576 aus
478 512 600 599 Nepos,
624 512 759 578 Tacitus
781 511 848 575 und
871 510 988 576 Florus
1011 512 1115 589 citirt,
1139 510 1229 593 iiber]

158 614 219 678 ich.
258 613 378 679 Stellen
403 615 462 677 mit
484 614 559 677 dem
581 612 780 700 Conjuuctiv
803 635 830 676 s.
854 617 883 695 ξ.
907 612 982 695 498,
1004 613 1036 677 3.

243 716 274 779 2.
298 716 378 780 Ostra
406 717 502 779 ctiam
529 719 609 797 turn,
637 717 795 797 nondam,
823 715 997 780 hauddum.
1041 714 1107 778 Die
1128 713 1228 777 Hand

159 815 217 880 des
250 817 474 881 Nebensatzes
513 815 630 881 dauert
668 816 770 882 noch
808 814 901 900 (oder
936 816 1053 880 nicht
1085 813 1214 895 mehr)

159 917 317 983 whhrend
351 916 410 980 dor
442 915 624 1002 Handlnng
657 917 714 982 des
748 915 1040 1001 voraufgchenden
1076 915 1229 1003 Hauptsc

159 1018 232 1082 Nur
252 1019 274 1081 4
295 1017 419 1084 Stellen
440 1018 573 1083 werden
595 1020 787 1104 angefiihrt:
823 1018 915 1106 Cic.
930 1017 1023 1082 Verr.
1045 1018 1077 1100 5,
1097 1018 1141 1081 34
1163 1039 1229 1081 evo.

159 1121 224 1182 iam
247 1141 264 1183 e
287 1130 464 1206 conspectu
485 1121 555 1184 fere
578 1158 635 1204 —,
657 1144 732 1186 cum
755 1121 852 1185 etiam
876 1130 944 1183 tum
967 1129 1096 1184 ceterae
1117 1139 1221 1183 naves

160 1223 193 1284 in
216 1220 285 1286 loco
314 1220 544 1286 moliebantur.
589 1222 683 1287 Ohne
705 1221 921 1286 Zeitadverb:
950 1245 981 1307 p.
1004 1221 1134 1286 Cluent.
1157 1219 1200 1283 26
1225 1241 1229 1276 t

159 1333 193 1388 et
213 1322 297 1387 alter
319 1321 388 1387 dies
412 1323 650 1406 intercesserat,
670 1345 744 1387 cum
766 1346 818 1387 res
841 1345 955 1409 parum
970 1323 1028 1409 (=
1043 1320 1229 1404 nondum)<

160 1425 345 1491 videbatur.
383 1423 478 1489 Sall.
502 1423 579 1509 Jug.
603 1427 654 1507 51,
677 1424 698 1488 2
725 1421 861 1489 multum
892 1425 957 1488 diei
987 1426 1208 1511 processerat,

159 1529 259 1593 etiam
282 1537 349 1592 tum
373 1534 509 1590 eventus
531 1527 565 1590 in
586 1527 712 1591 incerto
734 1535 813 1591 erat.
852 1526 937 1590 Liv.
957 1525 1009 1607 28,
1033 1526 1065 1605 2,
1093 1528 1107 1589 l
1131 1527 1229 1589 trist

159 1629 261 1693 ferme
289 1620 440 1704 aberant,
471 1649 543 1690 cum
572 1625 737 1691 hauddum
768 1622 940 1713 quisquam
975 1611 1118 1691 hostium
1150 1649 1229 1691 sena

243 1730 273 1793 3.
297 1729 366 1792 Der
379 1729 566 1793 Nehonsatz
582 1729 627 1792 ist
641 1727 854 1793 erkllirender
866 1729 989 1793 Zusatz
1006 1729 1066 1791 mit
1079 1749 1152 1791 crem
1165 1730 1229 1810 quic

160 1831 241 1895 Cic
263 1830 296 1894 in
319 1829 385 1895 Pis.
408 1830 429 1893 9
451 1851 562 1895 omues
585 1828 632 1893 illi
655 1831 773 1895 nefarii
795 1829 899 1916 gladii
914 1829 956 1893 de
977 1830 1129 1896 manibus
1151 1829 1228 1895 crud

122 1924 126 1931 ’
160 1932 254 1996 simis
278 1932 482 2015 exciderunt,
505 1954 577 1996 eum
594 1932 726 2018 quidem
747 1942 784 1997 tu
799 1931 1046 2019 -complexus
1063 1955 1097 1996 es
1120 1930 1229 1996 illudi

160 2044 248 2098 stum
275 2032 395 2097 animal
427 2044 485 2098 ctt.
528 2034 570 2098 34
597 2032 724 2098 medico
757 2034 925 2120 imperasti
960 2046 997 2099 ut
1029 2056 1132 2099 venas
1167 2034 1229 2098 hon

159 2133 328 2218 incideret,
351 2156 425 2198 cum
447 2135 579 2221 quidem
602 2133 664 2200 tibi
686 2136 785 2200 etiam
807 2134 948 2199 accessio
971 2135 1036 2199 fuit
1057 2135 1099 2199 ad
1122 2154 1229 2199 necem

160 2259 192 2322 p.
215 2238 283 2301 red.
306 2239 340 2300 in
363 2259 430 2301 sen.
455 2236 505 2319 10,
528 2237 571 2299 26
593 2237 681 2300 idem
703 2235 817 2301 consul
844 2237 974 2301 curavit
997 2245 1033 2300 ut
1058 2237 1173 2300 eadem
1196 2272 1229 2283 -

159 2348 320 2422 cenentur,
342 2361 415 2403 cum
439 2361 491 2424 qu.
515 2338 587 2424 ipse
602 2339 671 2423 egit
692 2338 899 2404 ornatissime
919 2360 1025 2414 meam
1045 2360 1188 2403 causam.
1219 2336 1229 2401 l

160 2439 190 2523 9,
212 2439 244 2523 4,
268 2440 298 2503 9.
1189 2453 1192 2461 “

246 2539 336 2604 Oder
357 2539 416 2605 der
438 2540 623 2606 Nebensata
648 2541 774 2606 enthilt
794 2541 846 2623 ein
870 2543 924 2607 die
944 2539 1225 2628 Haupthandlung

159 2641 392 2727 ganzendes
425 2642 493 2707 und
527 2642 888 2728 vervollsttindigendes
920 2643 1075 2726 Factum,
1111 2643 1218 2707 indem

154 2746 234 2829 jene
266 2744 446 2830 Handlung
485 2744 710 2829 begleitender
751 2745 987 2832 Ausspruch
1027 2745 1175 2810 erwtthnt
1211 2768 1229 2809 u

161 2846 263 2910 daher
291 2849 349 2911 mit
377 2846 477 2912 Verb.
500 2847 648 2911 dicendi:
676 2846 807 2912 desen.
832 2849 864 2927 4,
889 2850 924 2911 11
955 2847 1136 2912 Tarentum
1165 2867 1229 2912 vert

161 2969 223 3032 quo
257 2948 393 3012 consilio
426 2950 562 3034 recepit!
597 2971 670 3014 cum
704 2949 835 3034 quidem
863 2987 901 2996 -
931 2949 1039 3035 inquit
1073 2948 1229 3031 („w0bei

160 3050 302 3133 sagte“).
347 3049 442 3113 Auch
464 3051 547 3114 ohne
568 3053 710 3133 quidem:
732 3072 765 3136 p.
787 3050 885 3116 domo
908 3051 937 3133 9,
960 3051 1002 3113 22
1024 3049 1152 3115 litteras
1174 3051 1229 3114 int

160 3151 247 3213 tione
274 3151 435 3234 recitasti,
459 3190 500 3200 -
522 3176 595 3217 cum
623 3154 720 3216 etiam
744 3175 777 3216 es
807 3161 1053 3237 argumentatus
1077 3161 1133 3216 ott.
1158 3151 1229 3235 ht}

162 3251 244 3316 Phil.
263 3254 312 3334 11,
328 3252 348 3316 8
371 3252 592 3318 Sertorianum
609 3252 729 3319 bellum
751 3275 771 3316 a
786 3263 901 3318 senatu
916 3254 1046 3338 privato
1061 3252 1175 3318 datum
1189 3260 1229 3316 est

160 3374 234 3416 cum
256 3354 295 3416 L.
319 3352 489 3441 Philippus
515 3393 552 3402 —
577 3356 672 3420 dixit·
710 3355 787 3419 fam.
810 3356 841 3439 5,
864 3356 895 3438 2,
918 3356 938 3420 3
966 3377 1040 3420 cum
1068 3364 1105 3420 tu
1133 3357 1229 3442 ipset

160 3454 285 3522 dixisti.
325 3456 374 3532 13,
399 3458 450 3537 to,
476 3460 491 3520 l
516 3477 588 3520 cum
611 3467 647 3520 tu
670 3494 708 3505 -—
732 3456 941 3541 respondisti.

245 3559 275 3620 4.
299 3556 637 3623 Einschrankend
660 3558 739 3623 oder
760 3558 1000 3623 adversativ
1020 3559 1081 3624 mit
1096 3580 1165 3624 cum
1177 3561 1229 3621 tam

161 3657 239 3722 Cic.
264 3659 410 3740 Vor1·.5,
433 3659 475 3722 29
497 3659 534 3725 fit
555 3662 696 3745 gemitus
720 3663 863 3724 omnium
885 3670 920 3725 et
940 3658 1072 3744 clamor,
1095 3682 1165 3726 cum
1188 3668 1229 3722 111

160 3783 180 3824 a
201 3763 366 3846 praesenti
388 3760 548 3847 supplicio
572 3774 627 3827 tuo
642 3763 804 3828 continuit
827 3761 967 3848 populus
983 3762 1023 3826 R.
1038 3784 1075 3827 se
1090 3774 1123 3827 et
1138 3774 1228 3847 repra

159 3863 194 3925 in
217 3863 282 3925 Pis.
308 3863 359 3944 12,
381 3863 421 3926 21
446 3884 518 3926 cum
541 3873 563 3928 t.
589 3902 627 3913 -
651 3863 783 3949 collegit
803 3865 875 3950 ipse
897 3886 932 3927 se
959 3874 1016 3928 ctt.
1058 3862 1154 3928 Catil.
1174 3854 1229 3944 1,3.

159 3985 233 4028 cum
257 3975 288 4026 tc
311 3963 458 4028 discessu
473 3974 654 4030 ceteromm
670 3975 782 4030 nostra
797 3974 905 4030 tamen
921 3964 1041 4050 („doch
1057 3965 1229 4048 wenigsan

160 4067 215 4152 qui
242 4069 524 4152 remansissemus,
553 4068 651 4132 caede
679 4077 866 4135 contentum
894 4089 965 4130 esse
993 4067 1136 4132 dicebas.
1169 4053 1229 4150 nl

159 4169 211 4247 25,
235 4169 285 4233 67.
330 4169 392 4233 Mit
413 4168 525 4235 histor.
550 4169 646 4238 Infin.
670 4169 721 4233 bei
745 4168 837 4233 Sall.
861 4169 938 4253 Jug.
961 4169 1013 4250 98,
1036 4169 1057 4233 2
1083 4153 1229 4254 iamqued

160 4281 354 4357 consumpta
386 4281 471 4353 erat,
506 4292 579 4334 cum
608 4280 631 4334 t.
660 4269 791 4335 barbari
822 4269 905 4334 nihil
938 4273 1108 4336 remittere
1135 4279 1215 4354 atquc

161 4374 267 4437 acrius
291 4375 422 4438 instare.
460 4373 568 4456 Virg.
591 4374 673 4440 Aen.
697 4372 726 4455 9,
749 4372 812 4435 512
834 4371 908 4436 curn
931 4382 954 4435 t.
977 4395 1090 4438 omnes
1113 4366 1229 4437 ferretur

160 4508 201 4523 -
224 4496 329 4540 casus.
370 4475 422 4557 10,
445 4474 508 4540 508
536 4495 609 4540 cum
639 4484 725 4538 t—
749 4471 880 4560 linquis.
924 4473 1009 4539 Liv.
1039 4476 1099 4560 27,
1125 4464 1220 4557 20,11
