2924 4994
616 303 842 368 -.630-

152 495 239 539 awer
261 475 305 538 ist
328 494 363 536 er
386 474 439 537 ein
463 472 701 559 Schauspieler,
724 470 850 537 kbnnte
872 470 952 535 aber
971 469 1054 536 auch
1077 469 1162 535 eben
1185 492 1223 534 sc
1245 491 1270 555 g

153 577 289 641 Senator
305 575 399 657 sein.)
430 576 459 655 ξ.
474 573 517 640 55
538 575 585 639 ita
599 585 710 640 temen
723 611 762 622 —
776 581 813 638 ut
827 582 971 661 putares.
1004 573 1038 636 in
1054 571 1177 637 Caecil.
1195 571 1251 654 13,
1265 600 1270 620 ⁴

152 678 246 742 cuius
263 698 324 762 ego
341 677 509 760 ingenium
525 677 572 741 ita
587 674 694 755 laudo,
715 685 831 742 utnon
854 676 1093 761 pertimescam,
1117 673 1168 739 ita
1191 674 1270 761 preb

151 788 188 844 ut
209 800 262 842 me
284 776 327 842 ab
351 800 388 842 eo
412 776 569 842 delectari
598 779 827 865 potiusquam
857 777 967 865 decipi
988 787 1100 865 putem
1124 798 1239 862 posse.

152 880 283 964 Sestb,
302 880 340 944 13
363 901 477 944 verum
500 879 581 944 haec
602 881 650 944 ita
671 886 925 966 praeteream,
949 884 1114 960 utptnmert
1136 879 1270 944 intuerit

153 991 185 1046 et
211 990 433 1067 respectantes
461 983 680 1068 relinquamus
710 982 814 1067 („wir
845 978 964 1045 wolleu
997 979 1068 1044 dics
1102 979 1270 1067 tibergehr

151 1084 231 1149 aber
254 1080 344 1148 nicht
366 1105 424 1147 aus
449 1083 522 1149 dem
547 1084 642 1169 Auge
664 1081 874 1169 verlieren“).
919 1083 953 1146 in
976 1081 1085 1147 Vatin.
1112 1082 1172 1165 12,
1195 1083 1270 1148 301

153 1186 238 1249 eninr
261 1182 342 1249 iliud
365 1185 497 1270 epulum
520 1195 570 1250 cst
592 1183 738 1263 funebre,
762 1194 798 1249 ut
820 1207 936 1249 munus
959 1185 1002 1248 sit
1023 1184 1168 1267 funeris,
1192 1184 1270 1271 epul

152 1286 283 1373 quidem
306 1286 398 1373 ipsae
420 1286 604 1373 dignitatis.
640 1310 671 1373 p.
688 1286 811 1352 Scauro
831 1287 896 1368 §.5
918 1287 973 1373 qui
996 1300 1107 1352 tamen
1130 1287 1198 1374 ipsi
1222 1308 1270 1352 mr

152 1398 218 1453 tem
239 1389 286 1452 ita
308 1386 454 1472 laudent,
474 1398 512 1454 ut
534 1390 648 1474 fugere
672 1389 773 1453 vitam
799 1397 920 1454 vetent.
957 1409 1051 1476 prov.
1076 1409 1170 1452 cons.
1197 1389 1239 1453 11
1263 1388 1270 1452 1

153 1489 294 1556 dissensi
315 1490 358 1554 ab
380 1488 445 1575 illo,
470 1493 555 1557 utin
571 1490 789 1556 disiunctione
810 1492 991 1556 sententiae
1006 1491 1175 1556 coniuncti
1200 1495 1270 1557 tum

152 1593 298 1657 amicitia
320 1614 532 1658 maneremus.
570 1616 600 1677 p.
623 1591 836 1677 Merc.5,14.
866 1592 935 1656 har.
951 1614 1036 1679 resp.
1056 1592 1105 1672 19,
1123 1592 1176 1656 41.
1215 1592 1270 1656 Bu

153 1697 184 1775 ξ.
206 1693 269 1758 203
297 1704 411 1778 gestus
434 1703 467 1759 et
494 1703 600 1760 motus
631 1697 776 1781 corporis
798 1696 846 1760 ita
868 1702 1042 1777 venustus,
1071 1697 1110 1758 ut
1131 1699 1243 1760 tumen
1266 1719 1270 1756 ι

153 1795 278 1878 forum,
308 1817 374 1859 non
403 1798 445 1861 ad
477 1810 629 1861 scaenam
655 1797 826 1862 institutus
855 1797 1032 1861 videretur.
1077 1798 1106 1877 ξ.
1137 1795 1205 1861 309
1233 1796 1270 1861 hu

152 1917 212 1981 ego
236 1897 361 1962 doctori
384 1897 522 1983 (Stoico)
546 1937 583 1945 -
607 1899 654 1962 ita
676 1919 763 1962 eram
787 1907 895 1962 tamen
918 1896 1059 1976 deditus,
1082 1908 1122 1961 ut
1145 1898 1189 1961 ab
1214 1919 1270 1963 exe

151 1997 363 2063 citationibus
386 1999 536 2064 oratoriis
557 1997 666 2063 nullus
690 2001 759 2065 dies
783 2016 906 2065 vacuus
931 2009 1026 2065 esset.
1064 1999 1120 2062 fin.
1143 2001 1180 2077 4,
1207 1999 1248 2064 18

152 2100 185 2164 hi
208 2099 338 2187 quidem
360 2098 407 2165 ita
428 2123 495 2167 non
518 2099 588 2166 sola
610 2101 731 2166 virtute
754 2100 851 2166 finem
880 2103 1039 2169 bonorum
1061 2103 1225 2166 contineri
1248 2124 1270 2189 p

153 2210 239 2283 tant,
268 2212 305 2266 nt
334 2200 432 2266 rebus
459 2209 565 2270 tumen
592 2205 740 2268 omnibus
764 2205 920 2269 virtutem
945 2212 1150 2290 anteponant
1178 2203 1269 2287 („aw

152 2301 257 2386 nicht,
286 2301 366 2368 aber
393 2303 528 2391 dccb“).
574 2304 686 2392 parad.
708 2307 729 2370 5
758 2309 787 2388 ξ.
811 2305 853 2370 38
881 2306 929 2370 ita
952 2315 1091 2371 venusta
1119 2304 1270 2370 habeant

152 2405 227 2488 ista,
250 2425 316 2470 aon
337 2415 374 2471 nt
389 2404 522 2469 vincula
537 2407 682 2470 virorum
704 2408 777 2489 sint,
799 2408 855 2472 sed
873 2417 910 2472 nt
926 2404 1167 2473 oblectamenta
1189 2428 1270 2494 puer

152 2527 234 2571 rum.
280 2505 440 2571 Derselbe
469 2507 612 2572 Satzbau
641 2512 725 2572 such
753 2507 1101 2591 statement
1132 2511 1181 2574 ita
1208 2491 1270 2574 eiii

155 2607 304 2691 (beilum)
328 2618 393 2690 est,
422 2616 459 2672 ut
484 2628 549 2672 nort
577 2630 618 2672 ex
647 2611 768 2674 civium
798 2609 1002 2675 dissensione
1010 2658 1019 2691 ,
1049 2612 1106 2674 sed
1137 2631 1179 2674 ex
1208 2610 1270 2674 unit

153 2708 272 2794 perditi
301 2710 383 2773 civis
412 2709 552 2774 audacia
578 2721 689 2775 natum
717 2713 760 2776 sit
786 2711 891 2799 („nur
919 2715 953 2776 in
982 2711 1055 2774 dem
1079 2712 1182 2776 Sinne
1204 2714 1250 2778 ist

154 2811 205 2875 ein
230 2811 461 2897 Biirgerkrieg,
485 2810 611 2893 dass“).
640 2813 676 2897 2,
699 2815 751 2897 21,
776 2816 791 2877 1
815 2836 898 2900 quae
921 2813 1064 2877 iucunda
1087 2825 1176 2879 esset
1197 2812 1270 2879 mult

153 2911 275 2996 tudini,
309 2913 403 2977 bonis
438 2922 547 2977 autem
577 2916 624 2978 ita
655 2914 763 3000 („nur
791 2917 824 2979 in
858 2938 893 2979 sc
925 2916 1045 2998 weit“)
1077 2914 1237 3000 molesta,
1268 2939 1270 2948 ’

154 3018 259 3078 tumen
282 3015 353 3078 sine
376 3015 528 3102 pernicie.
563 3016 641 3079 iam.
664 3016 697 3097 5,
719 3017 771 3101 21,
796 3019 812 3081 1
836 3039 868 3081 u.
891 3018 921 3082 5.
961 3016 1000 3097 Q.
1022 3016 1102 3084 cie.
1126 3027 1194 3104 pet.
1217 3039 1270 3082 con

153 3114 264 3198 3,11.

239 3214 297 3280 Bei
322 3215 445 3281 Caesar
466 3220 531 3284 und
556 3218 679 3284 Sallust
707 3221 797 3284 nicht
820 3219 984 3284 bemerkt.
1028 3219 1117 3285 Liv.
1142 3220 1180 3303 8,
1203 3219 1260 3304 38,

153 3319 201 3382 ita
222 3318 343 3384 institit
365 3321 503 3404 agmini,
527 3332 579 3404 ut,
607 3322 710 3387 donec
732 3321 928 3405 lucesceret,
958 3321 1081 3409 proelio
1113 3324 1270 3388 abstinere

153 3419 206 3502 31,
223 3420 276 3500 31,
293 3421 334 3484 14
355 3420 472 3485 ceteris
494 3423 541 3485 ita
556 3424 721 3510 oppidum,
745 3427 792 3489 ita
807 3446 905 3509 agros
921 3423 1114 3502 ademimus,
1138 3436 1175 3488 ut
1189 3446 1267 3509 agru

155 3518 325 3608 locumque
346 3523 389 3588 ad
412 3523 624 3589 habitandum
648 3525 811 3591 daremus.
826 3565 869 3575 —
891 3526 991 3590 Dann
1014 3536 1081 3589 erat
1103 3525 1228 3591 wieder
1249 3525 1270 3590 b

155 3622 342 3708 Tacitus,
362 3625 483 3712 jedoch
507 3649 568 3690 nur
595 3648 669 3693 ann.
692 3629 727 3711 3,
750 3628 793 3692 34
814 3630 859 3693 sic
881 3629 1013 3692 obviam
1042 3629 1130 3693 irent
1158 3629 1198 3693 iis
1222 3649 1270 3714 qur

145 3723 235 3798 ¹aiibi
251 3737 473 3813 peccarentur,
498 3737 534 3792 ut
556 3727 754 3814 flagitiorum
770 3730 861 3794 urbis
879 3730 1114 3794 meminissent.
1145 3729 1270 3811 Htufip

155 3825 209 3890 bei
235 3826 402 3910 Sueten,
436 3828 502 3894 fest
534 3830 648 3895 immer
675 3831 734 3896 mit
768 3830 955 3916 folgendem
989 3837 1113 3897 tumen:
1145 3830 1270 3918 Aug.2

156 3926 224 3993 cat
252 3929 304 3994 50.
336 3930 451 3995 Claud.
479 3932 532 3996 33.
565 3933 653 3998 Nero
685 3935 712 3996 1.
748 3932 814 3998 Jui.
843 3933 886 3998 69
918 3933 975 3997 sed
1009 3943 1046 3998 ut
1080 3933 1226 4020 „jedcch
1254 3956 1270 3995 s

156 4029 266 4094 dass.“
309 4031 412 4097 Just.
438 4033 490 4113 37,
518 4036 542 4112 1,
566 4034 595 4098 9.
621 4036 729 4099 Eutr.
756 4036 804 4117 10,
832 4036 879 4099 11.
908 4036 956 4100 ita
980 4074 1017 4083 -
1042 4046 1080 4101 ut
1103 4046 1223 4101 tamen.
1253 4036 1270 4096 1*

160 4130 197 4194 16
215 4135 348 4214 perinde
368 4143 477 4198 tamen
499 4146 536 4200 ut
558 4159 671 4201 cruore
695 4136 884 4205 abstineret.

240 4234 269 4297 2.
301 4235 558 4302 Beschrenkend
581 4238 624 4304 ist
646 4238 730 4304 anch
752 4245 877 4305 tuntum
898 4245 934 4304 ut
954 4239 1010 4305 bei
1031 4239 1148 4305 Caes.
1171 4240 1200 4304 b.
1215 4248 1270 4322 gd

156 4333 199 4396 35
220 4336 378 4421 praesidii
399 4348 526 4404 tuntum
549 4341 646 4423 („nur
661 4364 696 4406 so
712 4339 817 4426 viel“)
843 4351 904 4423 est,
926 4351 1020 4406 utne
1042 4364 1155 4407 murus
1172 4339 1270 4429 quide]

157 4432 244 4516 cingi
267 4441 382 4522 possit.
413 4441 443 4504 b.
468 4463 496 4505 c.
518 4443 548 4525 3,
564 4443 595 4506 2.
611 4445 642 4528 3,
658 4445 710 4508 nt
728 4444 777 4511 92.
825 4443 918 4508 Eben
940 4466 977 4509 sc
1000 4448 1127 4510 matram
1150 4483 1185 4492 -
1203 4460 1270 4524 putu
