2948 4988
616 314 842 378 -274-

159 480 320 546 iudicatus
343 482 395 547 sit.
440 482 551 548 Caes.
578 483 610 548 b.
634 505 667 566 g.
692 484 720 566 1,
743 483 785 548 36
816 483 867 547 ius
903 504 976 547 esse
1004 480 1082 547 belli
1110 491 1147 547 ut
1177 520 1213 530 —
1245 484 1278 548 in

159 595 320 669 pererent.

244 688 276 766 ξ.
298 684 370 757 406.
416 683 509 749 Naeh
532 684 589 750 der
612 684 774 771 Analogie
796 686 853 751 der
882 687 966 751 oben
994 685 1216 752 behendelten
1243 708 1278 750 ιιι

159 784 385 873 persdnliehen
401 785 605 873 Hauptsiitze
627 790 794 873 (aequum,
811 787 986 852 verisimile
1002 791 1065 872 est)
1088 788 1210 853 riehtet
1231 787 1276 852 sic

160 909 227 950 nun
250 887 304 951 die
327 887 557 952 Constmetion
579 889 638 952 mit
665 894 701 952 at
722 889 754 950 iu
778 887 952 973 folgenden
975 887 1114 954 Stellen:
1144 888 1227 954 cic.
1249 890 1278 953 ol

159 991 191 1071 2,
214 990 266 1072 22,
290 990 331 1055 79
359 1011 455 1076 quem
482 1000 593 1054 autem
621 990 712 1055 habet
739 993 927 1072 aequitatem
960 992 996 1072 (i.
1020 1012 1047 1055 e.
1075 1012 1175 1077 quam
1200 1012 1278 1076 aequ

160 1079 211 1174 fii)
233 1101 270 1156 ut
290 1114 404 1177 agrum
420 1128 460 1138 —
477 1091 617 1156 lrabeat?
651 1092 746 1156 Eben
765 1113 801 1155 so
816 1093 900 1156 nach
923 1092 1159 1178 negativem
1181 1091 1278 1176 Frugi

160 1203 248 1257 eatz:
272 1194 369 1258 Tusc.
392 1194 424 1275 3,
439 1193 507 1275 3,5
530 1194 586 1279 qui
602 1214 677 1257 vero
693 1194 830 1275 probari
851 1203 958 1279 potest
980 1204 1016 1258 ut
1032 1232 1070 1241 -
1087 1215 1153 1258 non
1176 1194 1278 1280 possit

160 1295 215 1358 fin.
238 1295 269 1374 2,
292 1296 344 1377 33,
371 1294 430 1359 108
458 1297 514 1380 qui
542 1293 577 1357 id
599 1294 730 1379 probari
758 1304 866 1381 potest
888 1304 924 1360 ut
948 1333 985 1343 -
1009 1293 1178 1380 gaudeat?
1223 1294 1278 1359 Set

160 1394 290 1460 tihnliclr
318 1397 375 1460 ist:
410 1395 520 1460 Laut.
549 1396 581 1477 4,
604 1395 655 1475 23,
684 1397 705 1460 5
738 1417 818 1478 qaae
839 1397 1007 1462 insolentia
1037 1406 1088 1461 est
1115 1404 1153 1460 ut
1181 1396 1278 1461 homir

160 1497 262 1562 libero
285 1497 452 1583 imponere
475 1496 557 1561 velis
579 1494 694 1582 leges?

244 1602 276 1680 ξ.
299 1599 373 1663 407.
419 1600 461 1662 So
494 1597 597 1662 findet
628 1598 697 1663 sich
730 1621 798 1663 nun
830 1605 866 1665 ai
898 1620 995 1684 soger
1028 1597 1111 1664 nach
1138 1601 1278 1665 sestertii«

159 1702 303 1782 mellatio
330 1698 398 1763 und
425 1702 616 1765 eaeiieetara:
651 1700 728 1765 Cic.
754 1700 838 1786 legg.
861 1701 893 1783 3,
919 1701 959 1765 15
986 1722 1063 1764 nam
1091 1723 1153 1786 ego
1181 1700 1217 1765 in
1239 1703 1278 1765 ist

160 1824 232 1864 sum
260 1803 440 1883 sententie,
474 1823 539 1887 que
566 1812 599 1867 te
629 1802 732 1867 fuisse
759 1824 886 1888 semper
913 1803 995 1881 scie,
1030 1801 1110 1867 nihil
1144 1811 1181 1867 ut
1202 1802 1278 1867 fuer:

160 1902 194 1965 iu
217 1901 380 1987 suffragiis
403 1923 483 1968 voce
504 1902 628 1972 melius.
674 1904 787 1968 Tuse.
803 1904 834 1983 5,
849 1904 902 1985 41,
928 1903 988 1968 119
1010 1924 1148 1988 quorum
1170 1925 1209 1968 ea
1231 1925 1278 1968 ser

160 2002 262 2066 tentia
285 2013 393 2068 estut
417 2003 520 2068 virtus
543 2026 602 2091 per
630 2027 664 2069 se
690 2007 763 2092 ipse
790 2003 873 2069 nihil
895 2005 1013 2071 valeat.
1064 2002 1125 2068 Als
1150 2003 1278 2069 Willen.

160 2112 356 2190 {iusserung:
385 2106 462 2170 farn.
484 2106 516 2188 4,
538 2106 568 2182 4,
591 2107 611 2170 5
638 2104 745 2171 adhue
771 2108 806 2171 in
834 2108 894 2171 hee
917 2129 987 2170 sum
1014 2106 1192 2187 sententia,
1221 2105 1278 2170 nih

157 2213 196 2269 ut
217 2205 376 2271 faciamus
404 2207 467 2271 nisi
490 2206 577 2293 quod
604 2207 746 2271 maxime
769 2207 892 2273 Caesar
913 2207 998 2271 velle
1021 2207 1185 2272 videatur.
1213 2229 1245 2271 n.

163 2309 190 2389 l,
213 2306 233 2371 9
255 2330 296 2371 ne
325 2309 359 2372 in
386 2311 598 2392 eoyitatioaem
627 2308 756 2394 quidem
784 2308 874 2374 eadit
900 2318 937 2374 ut
966 2309 1066 2374 fuerit
1093 2318 1222 2395 tempus
1243 2329 1278 2371 t:

160 2407 237 2472 fem.
264 2411 313 2491 15,
338 2410 387 2493 15,
410 2410 431 2474 2
453 2408 604 2495 equidem
626 2409 732 2474 ssteor
754 2430 859 2474 meam
875 2412 1085 2476 coniecturam
1099 2408 1185 2474 hane
1198 2409 1278 2474 fuis

161 2519 197 2574 ut
221 2548 258 2557 —
283 2512 446 2576 communi
469 2510 566 2576 saluti
588 2509 713 2576 eonsuli
736 2508 868 2576 vellent.

245 2616 274 2695 ξ.
297 2613 370 2681 408.
404 2612 476 2677 Aul
488 2611 771 2698 Brachylogie,
789 2613 850 2677 wie
866 2611 1034 2678 vielleicht
1047 2613 1133 2677 such
1148 2610 1278 2677 meneh

161 2714 280 2798 Obige,
304 2736 379 2798 mag
396 2711 578 2799 Fulgendes
601 2713 761 2782 beruhen:
792 2714 871 2779 (lie.
896 2714 951 2777 fin.
972 2716 999 2795 1,
1014 2714 1046 2797 5,
1066 2714 1105 2778 14
1126 2735 1203 2778 nem
1218 2710 1278 2777 illu

160 2815 292 2900 quidem
314 2817 430 2880 adilaei
450 2818 505 2881 vie
519 2837 651 2901 possum
674 2825 710 2879 ut
733 2836 786 2897 ee,
809 2836 892 2902 quae
908 2816 1046 2880 senserit
1066 2814 1137 2897 ille,
1160 2815 1278 2881 tibine

161 2939 239 2981 vera
261 2916 444 2981 videantur.
491 2916 602 2997 (State
627 2916 745 2982 edduei
769 2927 805 2980 ut
826 2918 975 3000 merlam.)
1021 2917 1116 2982 Eben
1136 2939 1172 2982 so
1193 2917 1224 2998 4,
1248 2914 1278 2978 lt

159 3018 201 3081 55
222 3039 286 3082 aaa
308 3040 404 3103 posse
426 3017 545 3082 adduci
568 3026 604 3082 ut
627 3056 663 3065 -
688 3016 770 3083 nihil
791 3018 973 3082 interesset.
1018 3019 1135 3084 Luer.
1158 3018 1195 3100 5,
1220 3015 1278 3082 134

160 3117 218 3182 sed
250 3119 304 3183 eia
335 3117 479 3184 adducor
511 3128 547 3184 ut
579 3129 654 3184 ante
685 3139 750 3182 non
783 3119 925 3205 quierint
952 3120 1060 3184 animo
1087 3119 1275 3205 praesentire

162 3219 319 3305 Weniger
346 3218 527 3285 auffallend
557 3222 616 3286 mit
640 3220 938 3304 voraufgehendem
965 3220 1189 3285 Nebensetze:
1221 3218 1274 3285 (lie

160 3342 250 3407 pror.
274 3343 361 3386 cons.
394 3322 443 3403 16,
471 3322 513 3387 39
539 3343 613 3387 nam
642 3333 679 3386 ut
701 3321 738 3386 C.
766 3321 874 3386 Julius
910 3360 947 3369 —
982 3321 1066 3387 hane
1098 3323 1278 3409 provincius

159 3422 269 3487 tradat
301 3425 330 3487 ei
365 3461 404 3469 —
438 3425 554 3490 addisci
585 3425 629 3488 ael
659 3425 883 3506 srispieaaelam
905 3423 994 3489 nullo
1026 3423 1124 3489 modo
1156 3445 1277 3510 possum

158 3524 296 3609 Madvig
324 3523 476 3589 hemerkt
503 3548 545 3589 zu
574 3525 614 3589 de
641 3525 694 3591 fin.
728 3525 759 3590 S.
782 3526 835 3607 33,
865 3525 940 3589 dass
972 3526 1046 3590 dem
1079 3524 1212 3592 Redner
1242 3526 1278 3590 eir

158 3627 230 3709 fieri
255 3647 320 3691 aare
345 3631 447 3709 potest
478 3626 722 3710 vorgesehwebt
749 3626 842 3691 habe.
894 3627 992 3692 Sonst
1017 3627 1121 3692 findet
1146 3627 1218 3693 sich
1244 3627 1278 3693 be

158 3727 280 3791 diesem
296 3737 499 3814 pregnanten
514 3729 629 3792 addisci
645 3728 703 3792 der
718 3727 1278 3812 regelreehteAee.c.inl.(s.1lledr

158 3829 274 3894 ebend.
300 3830 333 3895 S.
357 3831 422 3910 32.)
456 3830 510 3894 fin.
539 3829 568 3912 3,
595 3829 643 3912 13,
666 3829 708 3893 42
737 3831 817 3894 ratio
845 3840 934 3895 certe
961 3832 1042 3914 coeit
1069 3830 1233 3916 („zwingt
1256 3854 1278 3896 n

157 3931 231 3997 dem
255 3932 444 4015 Schlusse“)
468 3942 505 3998 ut
530 3932 562 3994 in
591 3930 740 3995 omnibus
768 3932 936 3996 tormentis
964 3941 1179 3998 conservetur
1205 3932 1278 3998 beet

158 4035 227 4101 vita
249 4035 398 4122 sapienti.
442 4032 605 4098 Aehulieh
627 4033 686 4097 ist:
711 4032 806 4101 Tuse.
825 4032 857 4114 4,
873 4032 925 4112 21,
949 4033 990 4097 47
1012 4035 1060 4098 iia
1083 4035 1171 4099 enirn
1192 4036 1278 4120 defin

157 4145 193 4200 ut
216 4137 418 4220 perturbatio
440 4136 482 4200 sit
504 4156 620 4201 eversa
642 4155 662 4197 a
684 4132 809 4199 ratione
831 4170 873 4181 -
896 4137 1069 4200 commotio
1099 4134 1184 4218 (nlso
1206 4146 1278 4202 stall

157 4246 194 4300 ut
216 4239 300 4303 dieat
320 4238 417 4324 esse.)
463 4234 622 4302 Dasselbe
644 4237 785 4302 Verbum
814 4237 870 4300 het
897 4237 978 4301 aber
998 4235 1216 4324 regelmiissig
1237 4238 1278 4305 de

157 4341 235 4403 Aee.
260 4360 286 4402 c.
310 4339 367 4404 inf.
390 4342 422 4404 in
445 4340 498 4408 off.
524 4340 553 4422 1,
575 4339 626 4419 27,
649 4339 691 4403 66
717 4336 798 4403 illud
826 4337 975 4423 superius
1003 4340 1049 4402 sia
1076 4338 1149 4404 fere
1172 4339 1278 4407 defini]

159 4438 254 4505 solet:
280 4440 433 4505 decorum
455 4442 488 4506 id
505 4461 575 4504 esso
597 4439 685 4527 quod
706 4448 761 4505 ett.
779 4477 821 4488 -
836 4437 1001 4503 Verktirzt
1017 4439 1186 4507 erscheint
1199 4443 1278 4510 surh
