2948 4988
708 280 920 344 ,53-

239 432 366 498 lechem
391 432 562 512 Wecbsel,
591 454 647 497 um
675 432 749 495 dem
777 431 991 496 stilistiseben
1019 430 1234 496 Bedttrfnisee
1261 453 1302 496 ιιι
1330 452 1388 517 ge·

239 543 358 619 ufigen.
401 533 475 598 wie
498 534 605 618 weuig
625 534 705 598 aber
726 535 800 598 cine
814 533 1121 617 Gmndbedeutung
1142 532 1250 597 dieser
1272 532 1387 598 Form-

239 645 362 702 wiirter
383 635 555 717 lcststand.
577 636 665 719 zeigt
687 635 742 699 die
762 658 804 698 zu
818 635 904 698 allen
919 635 1036 698 Zeiten
1058 633 1276 699 berrechende
1289 630 1389 701 Will-

239 736 305 802 kur
333 736 368 800 iu
395 736 470 800 dem
497 736 693 801 Gebrauehe
720 734 911 817 dersclben3
937 735 1041 800 selbst
1068 737 1127 799 der
1154 736 1388 803 Classicismua

239 837 388 922 bewegte
416 837 486 902 sich
514 838 590 901 sehr
616 837 678 901 l'rei
707 837 802 901 darin
829 838 895 900 und
924 836 1005 901 bielt
1025 858 1089 901 nur
1109 836 1164 901 die
1186 839 1261 902 eine
1282 836 1388 922 Regel

238 939 319 1020 feet,
349 939 426 1002 desa
449 937 673 1025 Polysyndcta
699 938 802 1002 durch
825 945 854 1003 et
873 937 1021 1023 gebildct
1042 937 1187 1002 worden.
1230 939 1278 1003 Es
1299 939 1389 1005 vird

238 1039 341 1104 daber
364 1041 409 1102 im
432 1039 621 1124 Folgenden
644 1048 815 1126 gentigeu,
843 1061 939 1103 wenu
966 1063 1008 1103 nu
1035 1040 1099 1105 den
1128 1038 1298 1105 einzelnen
1323 1041 1387 1105 Er·

242 1141 464 1226 sebeinungen
486 1144 614 1225 menige
636 1141 799 1228 Beispiele
820 1140 969 1226 gegeben
991 1142 1131 1206 werden.

328 1248 357 1306 l.
401 1243 624 1327 Nothwendig
661 1243 788 1307 scheiut
824 1243 879 1307 die
913 1243 1177 1328 Abwechselung
1207 1243 1268 1308 der
1298 1244 1389 1309 Con·

236 1347 429 1433 junctionen
462 1343 627 1408 zwischen
658 1343 816 1409 Glisdcrn
847 1366 912 1408 ron
948 1343 1205 1428 ungleichcm
1237 1344 1388 1428 Werth,

240 1470 290 1511 wo
312 1447 479 1512 entweder
511 1445 678 1510 eiusdem
709 1444 855 1509 anderen
881 1445 1005 1530 logiseb
1026 1445 1284 1530 untergeordnet
1305 1447 1390 1511 oder

239 1550 359 1614 endere
382 1548 497 1614 betont
518 1549 573 1612 ist.
618 1548 663 1613 So
684 1547 855 1612 entsteben
882 1547 1114 1632 manniglaehe
1135 1547 1388 1633 Verbindungs·

243 1648 369 1714 reihen:

325 1752 375 1816 Ac
402 1788 444 1799 -
465 1773 539 1833 poc:
571 1753 638 1816 eie.
668 1776 699 1837 p.
728 1751 857 1816 Glueut.
879 1753 922 1815 62
953 1752 987 1815 iu
1020 1753 1169 1815 morbum
1199 1751 1317 1816 incidit
1349 1773 1390 1815 se

240 1855 321 1917 setis
345 1854 554 1918 vehementer
575 1854 698 1939 diuque
719 1853 914 1938 aegrotavit.

324 1956 375 2018 Ac
396 1991 436 2002 -
458 1961 503 2019 et:
539 1978 571 2042 p.
595 1954 684 2020 Cael.
715 1955 754 2019 18
782 1976 821 2018 ac
854 1955 948 2018 multi
978 1960 1013 2020 et
1044 1964 1156 2019 nostra
1188 1964 1221 2018 et
1254 1963 1390 2039 patrum

240 2057 467 2142 maiorumque
488 2058 643 2123 memorio
664 2059 782 2120 summi
804 2056 952 2121 homiues
972 2065 1005 2120 et
1026 2055 1202 2120 clarissimi
1223 2057 1313 2121 cives
1337 2057 1391 2122 fu·

243 2171 348 2223 crunt.
389 2159 484 2223 Rosc.
507 2160 583 2222 Am.
605 2158 658 2240 22,
680 2160 731 2223 63.

324 2260 371 2324 Er
392 2297 431 2306 —
455 2282 527 2342 quc:
548 2260 591 2324 ad
613 2261 691 2325 iam.
718 2262 766 2342 13,
788 2261 840 2342 22,
868 2264 880 2323 l
906 2282 982 2323 uam
1009 2272 1042 2324 et
1063 2278 1192 2345 sempor
1210 2280 1263 2324 me
1283 2260 1391 2326 coluit

241 2350 557 2448 diligentissimeque
589 2363 779 2427 observavit
810 2373 844 2425 et
874 2383 894 2426 a
926 2359 1045 2426 studiis
1067 2362 1199 2426 uostris
1231 2382 1294 2426 uon
1329 2362 1388 2427 ab·

243 2462 364 2529 borret.
401 2485 433 2549 p.
456 2462 544 2528 Cael.
571 2464 608 2528 18
630 2469 669 2543 (s.
691 2464 802 2546 oben).

326 2564 373 2629 Ec
395 2603 433 2613 -
456 2571 564 2647 atqie:
587 2566 683 2633 Tusc.
704 2567 735 2643 ὁ,
762 2566 800 2628 lt
828 2566 862 2627 iu
884 2563 1036 2629 adeundo
1063 2565 1206 2650 perictdo
1227 2576 1261 2629 et
1281 2564 1317 2628 in
1342 2563 1389 2628 le·

138 2752 144 2762 ⁴
241 2665 319 2732 bore
340 2688 380 2732 ao
400 2667 512 2732 dolore
534 2669 673 2754 patiens.
709 2667 801 2731 Brut
815 2667 858 2731 et
872 2676 905 2731 et
919 2668 1041 2731 virtute
1063 2667 1163 2730 animi
1184 2676 1284 2752 etque
1303 2665 1389 2730 vita

240 2768 284 2831 62
306 2780 338 2832 et
365 2780 455 2834 motu
482 2780 582 2854 atque
609 2771 681 2854 ipso
708 2769 841 2832 amictu.
878 2766 920 2831 de
948 2788 996 2830 or.
1021 2772 1049 2847 1,
1071 2767 1110 2830 21
1140 2766 1196 2853 qui
1223 2775 1256 2831 et
1277 2767 1391 2832 studio

242 2870 378 2952 acriore,
400 2891 497 2956 quum
519 2890 579 2933 nos
601 2891 712 2933 sumus
734 2882 831 2956 utque
853 2867 990 2950 luimus,
1017 2879 1052 2933 et
1079 2868 1146 2933 otio
1168 2889 1207 2931 ec
1228 2865 1392 2933 facultate

242 2968 374 3034 dicendi
396 2971 517 3035 maiore
539 2991 578 3034 oc
599 2973 777 3035 maturiore
797 2984 829 3034 et
851 2969 963 3034 labore
984 2978 1083 3056 atque
1104 2967 1267 3033 industria
1289 2990 1388 3057 supe·

240 3072 327 3136 tiore
349 3109 391 3122 -
417 3072 565 3136 exsistet.
609 3074 704 3136 tim.
729 3074 760 3136 b.
787 3094 820 3158 g.
847 3072 922 3151 3,8
955 3071 1043 3157 quod
1074 3081 1107 3135 et
1132 3090 1234 3134 noves
1262 3070 1392 3138 babent

244 3173 363 3239 Veneti
385 3174 540 3261 plurimae
562 3212 604 3223 -
626 3186 659 3238 et
681 3173 818 3239 scientia
843 3184 943 3259 atque
968 3194 1030 3237 usu
1052 3172 1257 3237 nauticarum
1277 3188 1390 3238 rernm

241 3274 382 3360 reliquos
422 3274 622 3340 antecedunt
661 3286 695 3340 et
733 3276 768 3338 iu
814 3294 933 3360 magno
975 3277 1099 3361 impetu
1146 3273 1244 3338 meria
1287 3284 1392 3361 atque

241 3387 355 3462 aperto
376 3387 433 3442 ott

330 3478 396 3559 Quo
423 3517 461 3526 -
490 3486 536 3544 et:
567 3502 599 3542 u.
622 3481 656 3542 d.
688 3483 715 3562 l,
737 3480 759 3543 3
785 3478 999 3564 desertaeque
1026 3476 1219 3563 discipliuae
1251 3487 1285 3541 et
1321 3477 1390 3542 iam

246 3579 372 3665 pridem
394 3580 528 3645 relictae
551 3581 777 3668 patrocinium.

330 3680 396 3761 Quo
412 3719 449 3730 -
465 3687 576 3764 atquc:
597 3705 629 3746 n.
646 3682 678 3747 d.
697 3685 725 3759 1,
745 3686 756 3745 1
776 3702 879 3767 eaque
901 3682 963 3744 uisi
978 3678 1187 3762 diiudicetur,
1209 3681 1243 3744 iu
1258 3701 1391 3747 summo

243 3803 352 3847 errore
374 3806 507 3849 neeesse
528 3796 579 3849 est
602 3785 747 3849 homines
769 3793 867 3870 atque
890 3783 924 3846 in
939 3782 1155 3846 maximarum
1169 3802 1278 3846 rorum
1292 3781 1391 3866 iguo-

244 3883 372 3950 ratione
393 3885 527 3948 versari.

329 3985 587 4070 Verbinduugeu
611 4009 673 4051 von
702 3987 809 4050 mehr
830 3985 889 4050 als
911 3985 996 4050 drei
1020 3985 1196 4050 Gliedern:
1226 3985 1275 4049 Ae
1295 4021 1339 4032 —
1362 3993 1394 4052 et

184 4102 196 4130 ·
243 4123 286 4134 —
306 4093 415 4169 utque:
443 4111 473 4174 p.
497 4087 632 4167 Quinct.
658 4091 692 4151 11
722 4090 921 4175 propinquos
949 4110 987 4151 ac
1012 4087 1217 4152 necessarios
1238 4102 1334 4151 oetoa
1358 4098 1394 4152 et

242 4187 393 4253 honestos
416 4210 487 4253 esse
508 4198 606 4275 atque
627 4189 741 4254 haberi
763 4190 889 4256 volout.

329 4289 433 4371 Atque
455 4328 493 4338 -
517 4313 576 4372 quc
599 4329 636 4338 -
660 4297 704 4353 ct:
739 4290 821 4355 Phil.
844 4293 874 4361 3.
901 4293 939 4355 15
967 4304 1054 4354 recte
1075 4302 1174 4379 etque
1196 4288 1311 4353 ordine
1333 4310 1393 4359 ex·

245 4411 309 4479 que
330 4413 397 4478 rep.
420 4392 537 4457 iecisse
560 4406 593 4457 et
613 4393 731 4457 facere.
936 4396 942 4404 “
