2948 4988
549 250 902 361 -1999'

91 451 153 515 cibi
185 450 348 537 hospitem
380 452 539 538 accipies,
573 449 666 514 multi
699 449 772 513 ioci.
828 448 922 513 Ganz
954 447 1160 533 gewbhnlich
1195 447 1239 511 ist

92 571 152 617 aaa
162 553 247 618 ohne
254 554 465 618 adversative
476 551 634 634 Parsika,
650 552 802 617 ebendas.
815 551 875 632 §.2
892 551 1007 632 habeo,
1024 572 1089 615 non
1105 549 1255 630 habeor„

10 724 12 731 Ι
98 654 247 737 aLaide.
293 657 336 721 So
357 656 393 719 in
415 655 500 720 allen
524 655 648 718 Zeiten.

10 738 13 747 Ι
175 756 288 820 Caes.
314 757 344 821 b.
368 780 399 842 g.
426 761 454 838 1,
480 757 518 821 18
546 754 696 820 celeriter
723 752 896 819 concilium
925 752 1072 833 dimittit,
1103 752 1238 817 Liscum

103 857 217 922 retinet.
256 859 286 938 7,
309 859 446 927 50111111
469 894 510 906 -
533 857 642 923 hostes
671 855 741 920 loco
764 867 795 920 et
817 876 966 934 numero,
990 856 1092 918 nostri
1116 856 1238 920 virtute

106 958 302 1025 confiderent.
333 960 373 1024 16
396 982 467 1025 cum
492 983 535 1024 ex
562 959 683 1044 oppido
712 959 879 1045 eruptione
908 965 1123 1044 pugnaretur,
1155 955 1237 1020 foris

108 1058 176 1136 (scil.
198 1065 322 1142 autern)
345 1071 456 1126 tantae
478 1063 591 1146 copiae
615 1099 653 1107 -
677 1069 896 1125 cernerentur.

179 1161 273 1227 Sall.
298 1162 375 1248 Jug.
398 1163 451 1244 31,
474 1162 526 1228 25.

177 1263 261 1327 Liv.
287 1267 316 1346 1,
343 1266 391 1347 11,
416 1266 432 1327 1
456 1264 595 1329 necdum
628 1287 647 1328 a
680 1261 876 1348 singulis-
904 1285 963 1347 per
997 1261 1064 1325 vim
1088 1270 1146 1325 aut
1168 1261 1234 1325 fac·

67 1394 72 1401 ²
96 1364 234 1429 tionibus
258 1365 447 1430 certabatur
470 1368 504 1447 (i.
528 1389 554 1430 e.
581 1369 638 1430 sed
655 1366 817 1450 pervim).
851 1366 879 1442 1,
901 1363 953 1445 25,
977 1364 997 1427 3
1020 1385 1079 1426 nee
1102 1361 1152 1425 his
1175 1385 1235 1427 nec

88 1461 165 1528 illis
182 1465 358 1551 perieulum
386 1490 496 1548 suurn,
525 1466 691 1553 publicum
719 1467 890 1552 imperium
920 1467 1155 1551 servitiumque
1178 1465 1234 1528 ob·

84 1578 242 1631 versatur
265 1570 383 1633 animo.
410 1569 441 1648 3,
468 1569 516 1646 10,
543 1568 581 1632 12
606 1567 724 1633 bellum
748 1567 889 1631 innoxiis
913 1567 1103 1632 Antiatibus
1126 1566 1236 1645 indici,

72 1669 171 1745 geri
198 1692 267 1733 curn
303 1668 398 1756 plebe
424 1669 580 1735 Romana.
610 1671 640 1752 3,
664 1672 714 1752 11,
741 1671 854 1733 bnon
882 1671 1048 1748 iuvenem,
1081 1667 1238 1732 vicesima

69 1762 167 1830 lata
184 1771 344 1858 stipendia
365 1782 551 1837 merentem.
581 1771 634 1851 22,
656 1773 707 1851 51,
730 1771 751 1834 4
773 1773 905 1834 vincere
921 1771 996 1850 scis,
1021 1769 1074 1850 H,
1099 1770 1237 1834 victoria

64 1868 148 1930 uti
170 1874 279 1937 nescis.
325 1873 527 1938 Ausserdem
556 1874 645 1937 citirt
671 1871 894 1957 Nttgelsbach:
925 1870 956 1950 2,
986 1872 1027 1935 65
1055 1871 1168 1936 consul
1194 1908 1236 1919 --

61 1960 187 2035 flisstit
210 1976 322 2040 aciem.
368 1975 464 2039 Miles
493 1998 591 2060 aegre
619 1975 738 2056 teneri3
767 1973 906 2036 clamare
934 1984 966 2036 et
993 1994 1126 2058 poscere
1155 1974 1235 2054 („im

59 2055 295 2156 Θ(9311111811,
330 2099 365 2141 er
395 2077 539 2143 forderte
572 2078 685 2160 laut“).
727 2077 756 2158 3,
782 2076 821 2138 12
853 2075 1098 2140 senescentibus
1134 2075 1234 2158 vitiis,

58 2164 330 2243 maturescente
355 2179 486 2247 virtute.
517 2181 547 2258 4,
570 2180 612 2242 25
640 2199 782 2265 purgare
810 2174 947 2268 plebem,
971 2176 1099 2263 culpam
1122 2177 1155 2240 in
1178 2199 1233 2264 pa-

56 2265 167 2337 tre,
184 2292 336 2345 avertere.
410 2294 413 2300 '

181 2378 255 2445 Sebr
284 2381 407 2446 beliebt
436 2382 487 2446 bei
511 2381 695 2446 Tacitus:
724 2382 803 2466 Agr.
833 2383 873 2447 37
898 2371 963 2445 non¹
984 2382 1169 2466 agminibus
1195 2417 1232 2428 -

59 2478 168 2540 rari
184 2494 232 2546 ctt.
263 2483 295 2546 h.
322 2487 350 2561 1,
374 2485 393 2548 8
418 2486 468 2548 vir
497 2483 657 2548 facundus
687 2494 719 2546 et
746 2486 836 2569 pacis
860 2483 998 2564 artibus,
1024 2481 1118 2546 bellis
1142 2485 1233 2545 inex·

60 2581 212 2646 bertus.
240 2586 283 2648 29
311 2608 376 2647 non
404 2585 481 2671 quia
509 2607 581 2648 meo
610 2586 739 2649 nomine
768 2585 943 2649 tristiorem
973 2605 1083 2646 casum
1106 2583 1233 2647 doleam

65 2696 134 2718 κ
164 2687 254 2767 patris
278 2698 311 2750 ct
334 2697 465 2749 senatus
494 2697 527 2750 et
556 2687 657 2773 ipsius
681 2688 808 2772 imperii
832 2688 937 2749 vicem
966 2684 1068 2749 doleo.
1097 2686 1139 2749 30
1161 2706 1232 2770 per·

63 2761 174 2846 (lere
190 2788 248 2852 iste
270 2788 362 2869 sciet,
388 2787 509 2852 donare
537 2791 660 2854 nesciet
705 2787 811 2871 (Nach
834 2788 907 2852 Liv.
943 2787 994 2866 22,
1018 2789 1070 2868 51,
1094 2790 1145 2869 4),
1179 2809 1230 2871 ep.
1308 2870 1314 2875 .

66 2861 197 2967 831,
217 2890 245 2953 s.
273 2890 320 2952 12.
348 2891 396 2953 ra.
421 2890 469 2952 11.
494 2891 544 2954 aa.
567 2892 597 2972 3,
619 2891 649 2958 3.
672 2891 703 2971 4,
719 2890 770 2952 41.
795 2889 846 2953 aa
870 2911 944 2952 ann.
971 2891 999 2970 1,
1023 2892 1053 2952 c.
1076 2889 1107 2970 5,
1123 2890 1153 2952 a.
1181 2890 1229 2968 11,

68 2962 215 3070 2316,
236 2991 288 3055 26.

179 3093 203 3170 ἓ.
223 3093 296 3156 361.
342 3092 425 3156 Vom
449 3092 722 3181 explicativen
753 3092 946 3178 Asyndeton
970 3091 1079 3155 finden
1103 3093 1171 3155 sich
1196 3095 1229 3155 in

73 3163 161 3247 (121
176 3191 251 3257 alten
274 3194 350 3257 Zeit
379 3197 573 3280 wenigstens
601 3194 746 3281 Spuren:
778 3196 873 3258 Cato
902 3218 927 3258 r.
953 3218 975 3259 r.
1001 3196 1016 3256 1
1043 3196 1142 3257 vicini
1166 3216 1228 3280 quo

75 3286 187 3354 Paeto
223 3296 359 3379 niteant,
399 3295 434 3360 id
477 3298 620 3361 animum
660 3296 838 3360 advertito:
890 3297 923 3359 in
965 3296 1051 3359 bona
1091 3297 1227 3379 regione

78 3365 178 3453 bene
195 3398 294 3460 nitere
317 3398 491 3483 oportebit.
523 3398 652 3462 Plaut.
677 3397 742 3461 rnil.
766 3399 829 3462 2115
852 3397 988 3461 dextera
1011 3400 1109 3462 micat
1133 3402 1227 3462 vehe-

82 3488 226 3562 menter:
248 3502 336 3585 quod
360 3513 448 3584 agat,
473 3522 569 3584 aegre
592 3503 746 3586 suppetit.
773 3500 832 3564 2111
857 3521 968 3565 eccere
991 3513 1098 3564 autern
1122 3503 1228 3586 capite

87 3591 201 3660 nutat:
222 3622 284 3664 non
307 3599 413 3685 placet
436 3604 522 3687 quod
546 3605 699 3688 repperit.

181 3698 250 3765 Cic.
274 3725 306 3788 p.
332 3701 464 3781 Quinct.
498 3707 525 3785 1,
552 3706 566 3766 1
591 3726 719 3767 sumina
747 3705 852 3788 gratia
875 3716 907 3769 et
930 3704 1125 3790 eloquentia,
1149 3728 1226 3791 qua-

95 3794 171 3856 rum
187 3800 315 3868 alteram
337 3826 462 3879 vereor,
486 3805 620 3868 alteram
644 3818 768 3869 rnetuo:
799 3806 983 3892 eloquentia
1006 3805 1046 3885 Q.
1071 3805 1227 3870 Hortensi

101 3898 147 4003 ¹¹,ss
171 3920 211 3966 me
240 3907 274 3968 in
305 3905 444 3969 dicendo
474 3907 644 3993 impediet,
674 3930 738 3970 non
765 3908 847 3971 nihil
877 3930 1096 3990 conrnroveor·;
1119 3912 1226 3991 gratia

15 4079 18 4085 Ι
107 3980 367 4072 δ111111111111
390 4009 428 4072 P.
452 4006 608 4088 Quinctio
636 4020 769 4089 noceat,
799 4010 832 4072 id
856 4033 933 4075 vero
958 4049 995 4058 -
1020 4013 1223 4095 pertimesco.

21 4170 25 4175 .
115 4080 277 4172 Β(11111111.
299 4110 350 4189 25,
375 4110 416 4173 10
437 4109 631 4197 supplicium
654 4111 685 4174 in
710 4112 887 4196 parricidas
911 4111 1075 4194 singulare
1097 4117 1224 4195 excogi-

120 4196 238 4271 lattrent
262 4233 313 4273 -ε
336 4213 423 4273 insui
446 4212 619 4275 voluerunt
641 4215 673 4276 in
696 4212 822 4277 curleurn
847 4217 950 4278 vivos.
985 4217 1032 4293 11,
1054 4215 1097 4277 30
1116 4225 1224 4278 tamen

10 4296 37 4311 '⁴
125 4283 179 4406 1111
195 4306 260 4374 aliis
282 4311 417 4375 nefariis
447 4312 613 4377 cumulant
637 4324 736 4402 atque
762 4316 943 4399 adaugent:
975 4317 1094 4379 crimen
1119 4316 1221 4381 incre·

127 4389 193 4471 duit
210 4413 401 4499 confingunt.
967 4418 971 4425 “
