2948 4988
595 307 631 317 ..
677 254 725 335 53'
764 309 801 318 --

112 423 490 509 Uebergangsformeln:
509 425 709 507 deprimam,
722 425 835 506 mima,
852 425 900 487 oft
913 424 970 487 mit
986 423 1263 508 hinzugesetztem

112 526 255 607 quemdem,
277 525 357 589 oder
380 525 467 590 bloss
489 530 644 607 atque-
667 527 807 606 quiderm
835 529 928 606 atquae
949 545 1012 608 epo,
1035 546 1072 589 ae
1093 525 1263 607 1111519111-

112 628 188 692 dem
212 626 426 713 (Uebergang
453 650 512 692 zur
534 629 744 711 Aeusserung
772 624 831 689 dor
857 626 1062 713 subjectiven
1090 626 1261 712 Meinung)

112 728 178 793 mit
206 727 265 793 der
293 729 439 794 seltenen
467 726 699 812 Verbindung:
738 736 836 813 utque
868 749 921 810 epo
948 729 1073 809 quidm
1101 727 1183 792 Cato
1212 751 1262 814 ap,

113 829 206 894 Gell.
228 832 259 909 7,
281 831 313 895 3.
358 828 457 894 Hand
489 829 557 895 und
584 830 667 894 nach
695 829 762 893 ihm
791 827 890 893 Klotz
913 829 958 892 im
979 828 1132 893 Lexikon
1154 829 1262 893 haben

111 931 176 995 mit
199 929 316 996 diesen
331 930 473 1016 Dingen,
497 933 557 995 wie
580 952 613 994 es
636 930 697 994 mir
720 929 855 1012 scheint,
878 929 983 994 Raum
1007 930 1265 995 verschwendot.

207 1034 254 1098 13.
298 1033 402 1115 Alpem
430 1033 621 1098 bezeichnet
649 1032 720 1096 eine
749 1031 1043 1116 Vergleiohung
1077 1033 1144 1096 und
1173 1055 1262 1097 zwar

110 1134 216 1199 schon
239 1133 351 1218 hiiufig
372 1134 405 1198 in
428 1132 687 1199 vorklassischer
702 1132 777 1198 Zeit
799 1130 865 1196 und
889 1134 948 1197 mit
969 1155 1100 1218 grosser
1116 1133 1261 1198 Freiheit

112 1236 161 1298 im
184 1235 371 1301 Gebrauch.

201 1341 232 1418 a)
257 1335 567 1402 Aehnlichkeit:
591 1337 696 1401 Plaut.
712 1336 780 1401 mil.
799 1337 877 1402 1251
895 1337 922 1400 si
935 1358 1047 1419 parem
1063 1337 1116 1401 hic
1131 1337 1259 1425 sapien·

112 1439 195 1502 tiam
219 1438 318 1502 habet
347 1460 385 1501 ac
413 1438 560 1503 formam.
597 1438 684 1502 Men.
709 1438 771 1503 752
795 1440 922 1521 paritor
954 1438 1015 1503 hoc
1047 1449 1145 1525 atque
1177 1438 1259 1503 alias

110 1561 165 1603 res
193 1537 288 1602 soles.
338 1539 496 1604 Dasselbe
524 1539 577 1603 bei
604 1539 741 1603 Terens.
779 1539 858 1604 Cic.
889 1539 1000 1624 parad.
1030 1541 1105 1621 6,2
1139 1540 1261 1627 pariter

109 1652 344 1705 accusatorum
366 1650 464 1727 atquc
487 1641 628 1706 iudicum
652 1677 693 1686 —
715 1662 839 1724 greges,
877 1664 907 1704 n.
924 1642 955 1706 d.
971 1644 1001 1725 3,
1021 1645 1035 1705 1
1059 1664 1164 1728 neque
1180 1642 1259 1707 mihi

110 1763 172 1828 par
203 1743 287 1806 ratio
320 1765 393 1806 oum
421 1743 548 1808 Lucilio
582 1755 631 1807 est
659 1763 698 1805 ac
727 1752 832 1806 tecum
862 1744 932 1808 fuit.
972 1745 1064 1808 Brut.
1092 1746 1125 1807 11
1151 1745 1260 1808 omnia

107 1843 215 1908 fuisse
247 1842 458 1909 Themistocli
492 1847 584 1931 paria
617 1856 649 1909 et
680 1843 863 1911 Coriolano.
913 1845 1025 1912 Caes.
1064 1846 1095 1910 b.
1119 1868 1151 1931 g.
1172 1847 1200 1929 1,
1217 1847 1258 1910 28

108 1966 259 2031 quosque
291 1955 406 2030 postea
437 1947 471 2010 in
503 1968 613 2033 parem
646 1946 728 2010 iuris
760 1944 987 2032 libertatisque
1021 1947 1257 2031 condicionem,

109 2056 214 2133 atquo
236 2047 300 2133 ipsi
322 2056 432 2130 erant,
462 2057 664 2134 receperunt.
702 2050 732 2128 5,
757 2049 795 2111 13
823 2049 893 2132 pari
916 2050 1021 2132 spatio
1044 2052 1257 2113 transmissus

109 2157 212 2234 atquo
235 2170 278 2212 ex
300 2146 411 2213 Gallia
432 2148 537 2212 estin
559 2148 771 2213 Britanniam.
811 2150 841 2213 b.
864 2171 891 2212 c.
914 2150 945 2231 3,
974 2145 1037 2215 101⁴
1059 2152 1131 2235 pari
1160 2162 1257 2236 atquo

106 2259 211 2321 antea
231 2249 366 2313 rationo.
404 2248 500 2315 Sall.
524 2251 556 2315 J.
579 2250 632 2333 46,
655 2251 675 2314 6
703 2251 825 2337 pariter
850 2252 938 2314 acsi
962 2251 1071 2316 hostes
1094 2251 1256 2316 adessent.

110 2349 184 2429 102,
208 2351 226 2413 7
249 2351 358 2436 gratia
379 2374 439 2437 par
460 2373 498 2415 ac
521 2353 550 2416 si
572 2374 672 2439 prope
700 2353 896 2417 adessemus.
936 2354 1006 2435 113,
1028 2355 1048 2417 3
1072 2352 1163 2416 voltu
1186 2375 1255 2418 cor·
1327 2403 1329 2408 .

106 2452 200 2539 poris
224 2454 345 2538 pariter
367 2464 464 2540 atque
486 2453 593 2518 animo
617 2454 737 2518 varius.
774 2455 859 2517 Liv.
883 2454 913 2536 2,
936 2455 978 2519 33
1006 2456 1131 2540 pariter
1152 2459 1255 2541 patri·

107 2556 172 2617 bus
195 2575 234 2617 ac
256 2552 346 2642 plebi
367 2578 474 2620 carus.
519 2554 693 2640 (Dagegen
715 2557 745 2637 3,
768 2555 809 2619 64
837 2556 959 2640 pariter
981 2556 1129 2640 patribus
1152 2556 1254 2642 plebi-

105 2676 170 2738 que
192 2655 373 2742 acceptus).
412 2655 547 2735 Quint.
574 2655 622 2739 12,
644 2657 673 2738 2,
696 2657 737 2720 28
761 2655 878 2742 quibus
900 2678 989 2720 mens
1013 2658 1136 2742 pariter
1158 2666 1256 2745 atque

108 2758 219 2822 oratio
242 2757 423 2842 insurgant.
460 2757 552 2842 Nep.
576 2758 628 2840 23,
652 2759 679 2835 7,
703 2758 732 2830 5,

195 2856 290 2937 Nach
312 2880 408 2942 oeque
429 2882 460 2925 u.
484 2879 616 2940 aequans:
640 2858 744 2924 Plaut.
770 2860 888 2924 Bacch.
912 2861 975 2924 214
1002 2882 1099 2946 quarn
1124 2883 1184 2945 ego
1207 2862 1254 2926 fa·

103 2958 222 3025 hulam
242 2981 346 3047 aeque
368 2982 407 3025 ac
429 2983 480 3025 mc
503 2963 610 3047 ipsum
633 2960 744 3045 diligo.
782 2961 883 3026 Stich.
898 2963 958 3026 271
983 2964 1127 3038 satinut
1149 2964 1254 3027 facete

103 3083 214 3149 aeque
245 3067 344 3148 atque
377 3084 419 3126 ex
451 3063 580 3148 pictura
611 3061 740 3126 astitit?
784 3063 884 3127 Mero.
909 3065 969 3127 too
1002 3087 1097 3150 quam
1132 3067 1253 3130 dudum

102 3165 242 3229 dixeras
265 3164 374 3228 odisse
398 3174 554 3250 teneque
580 3173 676 3249 atquo
700 3186 833 3249 angues.
870 3164 959 3231 Trin.
982 3167 1044 3230 493
1074 3188 1176 3253 aequo
1198 3167 1253 3230 illo

101 3265 277 3329 mendicus
301 3274 398 3351 atque
426 3264 480 3329 ille
509 3264 784 3352 opulentissumus
814 3277 964 3331 censetur
986 3289 1085 3331 censu
1106 3306 1148 3316 —
1170 3291 1252 3331 mor-

103 3380 194 3432 tuos.
233 3364 310 3431 Cic.
337 3365 428 3429 Verr.
452 3367 483 3445 3,
508 3368 546 3430 19
569 3389 641 3430 cum
660 3406 696 3413 -
721 3385 857 3455 aequum
881 3379 1004 3456 partem
1028 3381 1062 3433 tu
1085 3371 1143 3434 tibi
1165 3393 1252 3434 sirm·

99 3467 213 3557 psoris
246 3489 284 3532 ac
312 3466 432 3554 populo
459 3468 498 3532 R.
526 3469 664 3533 miseris.
710 3461 786 3546 iam.
816 3471 862 3553 13,
885 3471 926 3534 43
956 3492 1058 3558 aeque
1080 3494 1100 3536 a
1122 3483 1153 3536 te
1176 3483 1251 3558 peto

97 3591 142 3634 ac
170 3568 200 3632 si
228 3590 300 3633 mea
328 3569 458 3654 negotia
486 3581 602 3633 essent.
645 3570 700 3635 fin.
723 3574 753 3655 4,
776 3572 829 3652 24,
853 3568 903 3636 65.
950 3595 979 3657 p.
1011 3573 1102 3637 Sulla
1127 3574 1176 3656 18,
1199 3576 1250 3639 51.

98 3649 188 3736 Uud
207 3669 294 3734 oster
316 3669 368 3734 bei
391 3669 467 3734 ihm.
514 3671 605 3735 Eben
629 3695 664 3735 so
688 3683 808 3760 sptttcr.

189 3769 283 3834 Nach
306 3772 429 3852 similis,
452 3773 597 3837 similiter
618 3796 651 3837 u.
674 3776 862 3840 consimilis:
891 3775 1016 3840 Plaut.
1042 3777 1161 3863 Amph.
1185 3778 1250 3843 443
1307 3784 1321 3797 ”

95 3888 170 3940 tam
197 3868 391 3936 consimilist
413 3885 511 3958 atquc
534 3895 604 3959 ego.
651 3875 736 3940 Ter.
768 3876 899 3940 Phorm.
929 3877 988 3964 prl.
1012 3878 1051 3941 31
1082 3901 1123 3942 no
1150 3877 1249 3942 simili

94 3986 236 4040 utamur
263 3973 398 4037 fortuna
425 3983 524 4061 atque
546 3977 598 4040 usi
627 3998 750 4041 sumus.
788 3977 899 4041 Lucr.
922 3980 952 4057 3,
976 3981 995 4042 8
1019 3980 1185 4044 consimile
1209 4019 1248 4027 -

94 4098 138 4142 ac
169 4074 265 4138 sortis
293 4074 368 4160 equi
396 4074 458 4139 vis.
496 4077 573 4141 llic.
599 4078 691 4142 Vorr.
716 4079 746 4161 3,
768 4080 809 4143 83
836 4078 958 4166 aliquid
989 4081 1030 4144 ab
1059 4082 1121 4144 isto
1145 4080 1249 4145 similo

94 4215 142 4225 -
166 4186 266 4261 atque
292 4197 312 4237 a
339 4177 456 4240 ceteris
486 4199 557 4244 esse
586 4181 719 4247 iactum.
762 4179 845 4245 Phil.
872 4185 899 4263 1,
923 4184 943 4245 3
972 4182 1122 4245 similiter
1151 4195 1248 4268 atquo

91 4282 171 4365 ipse
196 4297 301 4358 eram,
331 4289 538 4345 commotum.
580 4305 610 4348 n.
635 4281 667 4345 d.
692 4283 722 4366 3,
745 4284 765 4347 3
792 4282 943 4347 similiter
972 4283 1054 4347 facis
1085 4305 1123 4348 ac
1146 4285 1173 4347 si
1196 4308 1248 4350 me

91 4399 209 4465 roges.
256 4379 316 4467 leg.
347 4402 417 4466 agr.
442 4384 513 4460 1,4
540 4381 703 4448 simillimo
731 4394 829 4470 atque
858 4383 914 4448 illa
942 4382 1023 4468 lege.
1070 4385 1126 4449 Bei
1150 4391 1247 4454 omasi·
