2948 4988
568 333 799 397 -501-

132 505 254 568 metir:
295 504 380 568 Liv.
411 503 442 584 3,
470 503 513 567 64
545 512 675 590 praesto
711 503 772 566 erit
804 502 952 588 pontifex
987 505 1164 586 maximus,
1197 508 1253 591 qui

132 605 240 669 omitia
262 604 391 669 habeat.
428 605 458 688 8,
479 605 522 668 24
543 614 608 668 tres
631 602 772 667 tumulos
794 603 924 682 insedit,
948 606 1123 690 exquibus
1145 607 1252 670 incur·

132 711 215 770 'ones
239 706 372 771 faceret.
408 707 440 789 4,
463 707 503 770 21
527 706 632 770 locum
655 707 747 792 petit,
769 707 852 770 unde
873 705 998 769 hostem
1020 708 1167 772 invadat.
1200 709 1252 792 26,

132 807 204 871 sin
227 809 404 894 superiore,
425 809 512 873 unde
533 810 679 894 conspici
701 818 825 894 posset,
849 805 920 872 loeo
943 811 1098 875 constitit.
1143 811 1251 876 Ourt.

132 960 138 990 ,
161 911 192 992 3,
215 910 235 974 8
259 933 356 997 super
378 910 637 1002 tubernaculum,
660 910 747 973 unde
769 908 811 974 ob
834 910 985 974 omnibus
1009 913 1153 998 conspici
1180 936 1252 999 pos·

132 1022 166 1094 st,
188 1014 298 1096 imago
322 1012 398 1076 solis
421 1050 462 1060 -
485 1012 643 1096 fulgebat.
679 1012 709 1090 5,
726 1012 789 1094 2,7
814 1012 980 1097 perticam,
1003 1035 1087 1099 quac
1109 1013 1253 1100 undique

132 1115 254 1200 onspioi
276 1124 394 1200 posset,
419 1136 518 1201 supra
540 1115 735 1201 praetorium
760 1115 882 1180 statuit.

191 1216 257 1280 Ein
281 1218 463 1294 zweiter,
493 1238 557 1279 von
579 1215 654 1279 dem
682 1215 883 1280 Relativsatz
912 1215 1115 1302 abhangiger
1143 1218 1251 1282 Final·

132 1328 176 1381 stz
202 1317 283 1382 wird
300 1318 359 1381 mit
379 1323 416 1382 ul
438 1318 659 1402 angelruiipft:
682 1317 766 1381 Liv.
787 1318 887 1398 215,
906 1321 942 1380 11
960 1317 1079 1383 milites
1104 1320 1252 1384 mercede

132 1418 256 1500 onduci,
279 1421 388 1500 quiin
413 1419 608 1506 Hispaniam
635 1420 676 1483 ad
700 1418 941 1495 Hasdrubalem
971 1422 1195 1503 traicerentur,
1216 1428 1253 1487 ut

132 1543 196 1580 1-
221 1523 371 1605 iungeret
393 1543 428 1585 se
452 1520 641 1585 Hannibali.

190 1627 222 1705 ξ.
245 1623 318 1688 490.
351 1623 622 1703 consecutive
655 1623 1169 1693 Relarivsstzetezeiohnen
1198 1626 1251 1689 die

132 1723 447 1789 leschaffenheit
470 1727 559 1789 eines
582 1727 624 1789 im
648 1727 852 1809 Hauptsatze
874 1725 1056 1790 stehenden
1081 1728 1250 1811 Begriffes.

132 1824 170 1905 lie
198 1826 344 1910 logische
370 1826 660 1893 Verwandtschaft
687 1829 747 1890 mit
775 1827 848 1891 dem
879 1826 999 1891 finalen
1030 1828 1251 1893 Satzverhalt·

134 1925 192 1991 isse
214 1938 312 2015 pragt
334 1928 404 1993 sich
426 1928 509 1992 auch
531 1930 566 1992 in
588 1929 648 1992 der
670 1929 768 2008 alten,
792 1929 911 2013 gewiss
934 1928 1073 1994 altesten
1096 1930 1195 1995 Form
1216 1936 1252 1995 al

132 2031 162 2091 ui
187 2051 264 2110 aus,
293 2029 415 2094 welche
448 2030 502 2094 die
536 2030 699 2095 Komiker
730 2030 936 2094 aufbewahrt
966 2030 1089 2095 haben:
1123 2030 1250 2096 Plaut.

132 2128 222 2195 laceb.
247 2131 310 2196 283
332 2133 435 2196 adeon
457 2154 510 2195 me
537 2131 637 2196 fuisse
665 2133 820 2216 fungum,
850 2133 970 2219 utqui
997 2132 1045 2197 illi
1074 2113 1249 2197 crederem.

132 2229 176 2298 ll.
209 2234 306 2298 Curc-
329 2233 402 2299 218.
437 2234 520 2298 Ter.
543 2234 648 2298 Andr.
666 2235 727 2297 148
750 2235 797 2297 ita
818 2245 887 2298 tum
910 2233 1044 2299 discedo
1066 2237 1109 2299 ab
1131 2233 1198 2315 illc,
1215 2244 1251 2297 ut

132 2332 157 2395 ri
181 2359 216 2399 se
238 2334 340 2400 filiam
362 2345 460 2420 neget
483 2337 643 2399 daturum.
1037 2333 1046 2346 ⁶

190 2440 219 2502 1.
248 2436 410 2521 Obgleich
433 2459 500 2501 nun
522 2436 611 2501 diese
637 2437 719 2501 oben
749 2438 877 2501 citirten
901 2437 1107 2503 Nebensatze
1135 2459 1250 2523 wegen

133 2557 159 2598 r·
197 2537 348 2604 Partikel
379 2544 415 2603 at
451 2538 635 2604 sammtliclr
674 2538 737 2602 den
770 2539 1018 2625 Oonjunctiv
1059 2539 1179 2623 haben,
1214 2560 1249 2603 so

132 2634 276 2706 hwankt
298 2640 356 2704 der
378 2639 497 2704 Modus
519 2639 553 2703 in
576 2640 638 2704 den
665 2662 726 2703 nur
748 2641 808 2705 mit
834 2642 890 2722 qui
912 2641 1139 2725 eingeleiteten
1166 2641 1249 2704 Con·
1312 2652 1314 2656 '

132 2743 346 2807 zutivsatzen
370 2741 428 2806 der
450 2740 538 2806 alten
561 2742 636 2806 Zeit
665 2764 699 2805 so
727 2741 814 2825 sehr,
844 2740 919 2805 dass
948 2764 989 2805 an
1018 2745 1097 2806 zwei
1126 2741 1248 2808 Stellen

132 2841 200 2908 ide
222 2841 315 2909 Modi
338 2846 518 2928 promiscue
541 2844 669 2909 stehen:
705 2845 732 2908 P
740 2844 759 2906 l.
783 2843 870 2908 Men.
892 2845 954 2908 457
982 2844 1120 2909 adfatim
1148 2844 1249 2907 homi-

136 2957 224 3029 mat,
246 2947 281 3009 in
305 2945 375 3008 dies
398 2948 453 3031 qui
477 2945 622 3029 singulas
646 2966 737 3010 escas
761 2945 867 3027 edint,
892 2947 1010 3033 quibus
1034 2946 1144 3030 negoti
1166 2946 1248 3009 nihil

132 3061 158 3124 :,
185 3051 240 3135 qui
257 3069 366 3112 essum
389 3068 493 3132 neque
510 3058 668 3112 vocantur
684 3070 787 3134 neque
812 3056 938 3112 vocant.
976 3046 1071 3114 Cure.
1090 3048 1155 3111 480
1174 3058 1249 3112 sunt

132 3145 148 3206 ἰ
186 3149 265 3214 dant
294 3152 413 3235 quique
444 3150 609 3236 accipiunt
644 3150 787 3213 faenore.
833 3148 921 3213 Pone
956 3149 1072 3213 aedem
1100 3149 1248 3214 Castoris

132 3296 134 3302 ι
178 3264 253 3317 sunt
281 3250 390 3315 subito
421 3251 538 3335 quibus
572 3253 685 3316 eredas
715 3250 809 3314 male.
853 3250 917 3315 Wo
952 3251 1010 3314 der
1039 3252 1249 3316 lndieativ

132 3347 205 3437 =ht,
235 3353 318 3418 wird
345 3352 404 3415 der
433 3352 658 3425 Causalnexus
686 3353 777 3416 nicht
808 3351 1046 3436 ausgedr‘tickt,
1075 3376 1103 3415 z.
1127 3353 1163 3416 B.
1193 3351 1247 3415 Pl.

132 3451 194 3523 in.
221 3458 261 3522 91
292 3472 368 3523 sunt
395 3480 477 3544 quos
507 3459 573 3520 seio
607 3458 729 3520 amicos
758 3476 845 3537 esse,
874 3465 951 3519 sunt
979 3476 1059 3541 quos
1088 3455 1245 3540 suspicor.

132 3559 221 3626 sech.
247 3559 331 3623 1149
353 3569 402 3622 est
425 3556 511 3644 quod
534 3568 567 3622 te
590 3558 665 3623 volo
688 3568 821 3622 secreto.
860 3554 978 3621 Pseud.
1006 3557 1061 3620 171
1088 3553 1248 3641 estquod

132 3661 192 3724 *mi
218 3662 267 3724 fui
296 3683 400 3747 paene
429 3658 550 3724 oblitus
578 3657 709 3723 diceres
736 3659 799 3722 462
821 3668 897 3722 sunt
926 3680 1009 3746 quae
1035 3668 1068 3721 te
1096 3656 1247 3721 volumus

132 3763 297 3827 recurari.
344 3762 438 3848 Capt.
468 3761 541 3825 263.
583 3763 675 3825 Asin.
704 3761 767 3825 232
796 3769 843 3822 est
867 3760 1016 3846 -quod
1044 3758 1119 3824 volo
1148 3759 1256 3845 loqui.¹

132 3863 182 3927 nd
203 3865 298 3930 diter.
336 3864 423 3932 Ter.
440 3861 543 3927 Andr.
560 3863 624 3927 448
647 3873 697 3927 est
719 3862 804 3949 quod
821 3871 989 3927 suscenset
1012 3860 1082 3924 tibi.
1117 3860 1247 3923 Phorm.

132 3957 258 4032 ἰ311Ιί18
281 3965 448 4032 aliundest
470 3950 638 4053 periclum,
662 3961 750 4029 unde
770 3965 894 4051 aliquid
916 3961 1032 4027 abr'adi
1056 3970 1171 4048 potest.

192 4071 276 4135 Aber
299 4070 400 4135 sehon
422 4070 456 4134 in
479 4067 537 4130 der
559 4067 646 4131 alten
670 4067 745 4131 Zeit
773 4068 814 4130 ist
842 4067 900 4130 der
923 4063 1171 4148 Oonjunotiv
1194 4063 1247 4126 bei

133 4163 231 4235 eitam
251 4171 409 4256 hliufiger,
433 4193 468 4235 so
489 4169 564 4232 dass
582 4169 729 4234 Paetzolt
751 4192 812 4232 nur
835 4164 1090 4253 beispielsweise
1105 4163 1246 4228 386181-

132 4279 162 4325 m
185 4271 334 4356 aulzahlt,
357 4271 515 4353 darunter
538 4269 592 4335 Pl.
615 4270 792 4334 ’11111268
822 4278 899 4332 sunt
926 4279 1050 4346 tamen,
1079 4287 1160 4352 quos
1188 4266 1246 4329 mi·

132 4379 200 4433 tros
225 4414 260 4424 -
288 4373 420 4440 habeas.
464 4374 527 4437 310
557 4383 602 4437 est
636 4371 721 4458 quod
757 4371 912 4455 gaudeas.
961 4367 1023 4431 616
1052 4388 1156 4452 aquae
1185 4368 1248 4431 erit

132 4459 176 4528 ibi
195 4473 313 4560 cupido,
336 4498 440 4562 genus
463 4478 518 4563 qui
542 4475 725 4557 restinguas
749 4482 850 4536 tuum?
890 4470 971 4533 1166
992 4467 1144 4555 estquod
1165 4468 1246 4532 mihi
