<?xml version="1.0" encoding="UTF-8"?>
<!DOCTYPE html PUBLIC "-//W3C//DTD XHTML 1.0 Transitional//EN"
    "http://www.w3.org/TR/xhtml1/DTD/xhtml1-transitional.dtd">
<html xmlns="http://www.w3.org/1999/xhtml" xml:lang="en" lang="en">
 <head>
  <title>
</title>
<meta http-equiv="Content-Type" content="text/html;charset=utf-8" />
  <meta name='ocr-system' content='tesseract 3.04.00' />
  <meta name='ocr-capabilities' content='ocr_page ocr_carea ocr_par ocr_line ocrx_word'/>
</head>
<body>
  <div class='ocr_page' id='page_1' title='image "./historischesynt01draegoog/historischesynt01draegoog_0573.png"; bbox 0 0 2948 4988; ppageno 0'>
   <div class='ocr_carea' id='block_1_1' title="bbox 680 288 909 392">
    <p class='ocr_par' dir='ltr' id='par_1_1' title="bbox 680 288 909 392">
     <span class='ocr_line' id='line_1_1' title="bbox 680 288 909 392; baseline 0 -17"><span class='ocrx_word' id='word_1_1' title='bbox 680 288 909 392; x_wconf 63' lang='grc'>,548-</span> 
     </span>
    </p>
   </div>
   <div class='ocr_carea' id='block_1_2' title="bbox 193 492 1474 4542">
    <p class='ocr_par' dir='ltr' id='par_1_2' title="bbox 193 492 1474 4542">
     <span class='ocr_line' id='line_1_2' title="bbox 226 492 1407 582; baseline -0.004 -19"><span class='ocrx_word' id='word_1_2' title='bbox 226 519 312 562; x_wconf 80' lang='lat' dir='ltr'><strong>nune</strong></span> <span class='ocrx_word' id='word_1_3' title='bbox 333 496 412 563; x_wconf 81' lang='lat' dir='ltr'><strong>oder</strong></span> <span class='ocrx_word' id='word_1_4' title='bbox 434 496 494 561; x_wconf 86' lang='lat' dir='ltr'><strong>auf</strong></span> <span class='ocrx_word' id='word_1_5' title='bbox 514 497 585 560; x_wconf 87' lang='lat' dir='ltr'><strong>eine</strong></span> <span class='ocrx_word' id='word_1_6' title='bbox 608 496 885 561; x_wconf 86' lang='lat' dir='ltr'><strong>substantivischc</strong></span> <span class='ocrx_word' id='word_1_7' title='bbox 906 497 1119 582; x_wconf 84' lang='lat' dir='ltr'><strong>Zeitangabc.</strong></span> <span class='ocrx_word' id='word_1_8' title='bbox 1165 496 1265 560; x_wconf 88' lang='lat' dir='ltr'><strong>Danu</strong></span> <span class='ocrx_word' id='word_1_9' title='bbox 1286 492 1407 560; x_wconf 60' lang='lat' dir='ltr'><strong>wirrk</strong></span> 
     </span>
     <span class='ocr_line' id='line_1_3' title="bbox 228 595 1425 686; baseline 0 -23"><span class='ocrx_word' id='word_1_10' title='bbox 228 598 320 663; x_wconf 80' lang='lat' dir='ltr'><strong>nieht</strong></span> <span class='ocrx_word' id='word_1_11' title='bbox 343 600 402 664; x_wconf 83' lang='lat' dir='ltr'><strong>dar</strong></span> <span class='ocrx_word' id='word_1_12' title='bbox 424 597 601 686; x_wconf 75' lang='lat' dir='ltr'><strong>temporale</strong></span> <span class='ocrx_word' id='word_1_13' title='bbox 616 597 793 663; x_wconf 86' lang='lat' dir='ltr'><strong>Ausdruek</strong></span> <span class='ocrx_word' id='word_1_14' title='bbox 815 596 923 679; x_wconf 88' lang='lat' dir='ltr'><strong>allein,</strong></span> <span class='ocrx_word' id='word_1_15' title='bbox 946 597 1088 663; x_wconf 88' lang='lat' dir='ltr'><strong>sondern</strong></span> <span class='ocrx_word' id='word_1_16' title='bbox 1110 597 1169 662; x_wconf 89' lang='lat' dir='ltr'><strong>der</strong></span> <span class='ocrx_word' id='word_1_17' title='bbox 1183 595 1293 662; x_wconf 89' lang='lat' dir='ltr'><strong>Inbalt</strong></span> <span class='ocrx_word' id='word_1_18' title='bbox 1310 597 1425 663; x_wconf 62' lang='lat' dir='ltr'><strong>doe</strong></span> 
     </span>
     <span class='ocr_line' id='line_1_4' title="bbox 226 697 1436 786; baseline -0.001 -23"><span class='ocrx_word' id='word_1_19' title='bbox 226 722 382 785; x_wconf 84' lang='lat' dir='ltr'><strong>ganaen</strong></span> <span class='ocrx_word' id='word_1_20' title='bbox 406 700 627 786; x_wconf 85' lang='lat' dir='ltr'><strong>Hauptsatzes</strong></span> <span class='ocrx_word' id='word_1_21' title='bbox 655 698 786 765; x_wconf 87' lang='lat' dir='ltr'><strong>zeitlich</strong></span> <span class='ocrx_word' id='word_1_22' title='bbox 815 698 981 763; x_wconf 86' lang='lat' dir='ltr'><strong>bestimmt</strong></span> <span class='ocrx_word' id='word_1_23' title='bbox 1007 700 1086 764; x_wconf 87' lang='lat' dir='ltr'><strong>oder</strong></span> <span class='ocrx_word' id='word_1_24' title='bbox 1112 697 1356 764; x_wconf 73' lang='lat' dir='ltr'><strong>ehamkterisirr</strong></span> <span class='ocrx_word' id='word_1_25' title='bbox 1431 754 1436 770; x_wconf 92' lang='grc'><strong>,</strong></span> 
     </span>
     <span class='ocr_line' id='line_1_5' title="bbox 227 796 1439 887; baseline 0 -22"><span class='ocrx_word' id='word_1_26' title='bbox 227 802 308 865; x_wconf 84' lang='lat' dir='ltr'><strong>Cic.</strong></span> <span class='ocrx_word' id='word_1_27' title='bbox 331 803 398 866; x_wconf 87' lang='lat' dir='ltr'><strong>inv.</strong></span> <span class='ocrx_word' id='word_1_28' title='bbox 422 802 460 881; x_wconf 99' lang='grc'><strong>2,</strong></span> <span class='ocrx_word' id='word_1_29' title='bbox 483 802 542 882; x_wconf 88' lang='lat'><strong>38,</strong></span> <span class='ocrx_word' id='word_1_30' title='bbox 568 796 634 865; x_wconf 88' lang='grc'><strong>112</strong></span> <span class='ocrx_word' id='word_1_31' title='bbox 659 823 697 865; x_wconf 84' lang='lat' dir='ltr'><strong>ex</strong></span> <span class='ocrx_word' id='word_1_32' title='bbox 726 812 872 887; x_wconf 86' lang='lat' dir='ltr'><strong>tempore</strong></span> <span class='ocrx_word' id='word_1_33' title='bbox 898 809 1007 865; x_wconf 86' lang='lat' dir='ltr'><strong>autem</strong></span> <span class='ocrx_word' id='word_1_34' title='bbox 1037 799 1252 885; x_wconf 79' lang='lat' dir='ltr'>(quaerentur</span> <span class='ocrx_word' id='word_1_35' title='bbox 1273 802 1350 867; x_wconf 87' lang='lat' dir='ltr'><strong>bene</strong></span> <span class='ocrx_word' id='word_1_36' title='bbox 1431 846 1439 859; x_wconf 81' lang='lat'><strong>.</strong></span> 
     </span>
     <span class='ocr_line' id='line_1_6' title="bbox 226 901 1442 989; baseline 0.001 -24"><span class='ocrx_word' id='word_1_37' title='bbox 226 901 325 986; x_wconf 77' lang='lat' dir='ltr'><strong>licia),</strong></span> <span class='ocrx_word' id='word_1_38' title='bbox 348 902 376 966; x_wconf 93' lang='lat' dir='ltr'><strong>si</strong></span> <span class='ocrx_word' id='word_1_39' title='bbox 399 907 480 985; x_wconf 75' lang='lat' dir='ltr'><strong>tane,</strong></span> <span class='ocrx_word' id='word_1_40' title='bbox 503 926 576 967; x_wconf 89' lang='lat' dir='ltr'><strong>cum</strong></span> <span class='ocrx_word' id='word_1_41' title='bbox 599 901 830 989; x_wconf 85' lang='lat' dir='ltr'>indigeremus,</span> <span class='ocrx_word' id='word_1_42' title='bbox 853 924 926 966; x_wconf 88' lang='lat' dir='ltr'><strong>curn</strong></span> <span class='ocrx_word' id='word_1_43' title='bbox 950 902 1050 967; x_wconf 85' lang='lat' dir='ltr'><strong>ceteri</strong></span> <span class='ocrx_word' id='word_1_44' title='bbox 1071 922 1138 967; x_wconf 91' lang='lat' dir='ltr'><strong>non</strong></span> <span class='ocrx_word' id='word_1_45' title='bbox 1161 912 1295 989; x_wconf 77' lang='lat' dir='ltr'><strong>possent</strong></span> <span class='ocrx_word' id='word_1_46' title='bbox 1314 923 1442 978; x_wconf 53' lang='lat' dir='ltr'><strong>auat</strong></span> 
     </span>
     <span class='ocr_line' id='line_1_7' title="bbox 226 1001 1439 1091; baseline 0.005 -25"><span class='ocrx_word' id='word_1_47' title='bbox 226 1001 350 1069; x_wconf 88' lang='lat' dir='ltr'><strong>nollent</strong></span> <span class='ocrx_word' id='word_1_48' title='bbox 370 1001 541 1090; x_wconf 72' lang='lat' dir='ltr'><strong>opitulari,</strong></span> <span class='ocrx_word' id='word_1_49' title='bbox 565 1006 592 1069; x_wconf 91' lang='lat' dir='ltr'><strong>si</strong></span> <span class='ocrx_word' id='word_1_50' title='bbox 608 1016 688 1088; x_wconf 90' lang='lat' dir='ltr'><strong>tum,</strong></span> <span class='ocrx_word' id='word_1_51' title='bbox 711 1026 785 1069; x_wconf 90' lang='lat' dir='ltr'><strong>eum</strong></span> <span class='ocrx_word' id='word_1_52' title='bbox 807 1025 882 1090; x_wconf 89' lang='lat' dir='ltr'><strong>spes</strong></span> <span class='ocrx_word' id='word_1_53' title='bbox 898 1004 1129 1069; x_wconf 85' lang='lat' dir='ltr'><strong>deseruissent</strong></span> <span class='ocrx_word' id='word_1_54' title='bbox 1160 1003 1209 1091; x_wconf 90' lang='lat' dir='ltr'><strong>(d.</strong></span> <span class='ocrx_word' id='word_1_55' title='bbox 1231 1003 1262 1069; x_wconf 91' lang='lat' dir='ltr'><strong>b.</strong></span> <span class='ocrx_word' id='word_1_56' title='bbox 1284 1003 1439 1076; x_wconf 68' lang='lat' dir='ltr'><strong>also-2</strong></span> 
     </span>
     <span class='ocr_line' id='line_1_8' title="bbox 230 1103 1456 1192; baseline 0.002 -24"><span class='ocrx_word' id='word_1_57' title='bbox 230 1106 288 1187; x_wconf 82' lang='lat' dir='ltr'><strong>„in</strong></span> <span class='ocrx_word' id='word_1_58' title='bbox 312 1106 401 1169; x_wconf 88' lang='lat' dir='ltr'><strong>einer</strong></span> <span class='ocrx_word' id='word_1_59' title='bbox 423 1103 554 1171; x_wconf 87' lang='lat' dir='ltr'><strong>solchen</strong></span> <span class='ocrx_word' id='word_1_60' title='bbox 576 1106 678 1191; x_wconf 86' lang='lat' dir='ltr'><strong>Lagc,</strong></span> <span class='ocrx_word' id='word_1_61' title='bbox 701 1128 752 1170; x_wconf 87' lang='lat' dir='ltr'><strong>wo</strong></span> <span class='ocrx_word' id='word_1_62' title='bbox 775 1107 890 1172; x_wconf 86' lang='lat' dir='ltr'><strong>etwa.“</strong></span> <span class='ocrx_word' id='word_1_63' title='bbox 936 1105 980 1168; x_wconf 86' lang='lat' dir='ltr'><strong>Ee</strong></span> <span class='ocrx_word' id='word_1_64' title='bbox 999 1103 1081 1188; x_wconf 86' lang='lat' dir='ltr'><strong>liegt</strong></span> <span class='ocrx_word' id='word_1_65' title='bbox 1103 1103 1294 1171; x_wconf 81' lang='lat' dir='ltr'><strong>darin&#39;einc</strong></span> <span class='ocrx_word' id='word_1_66' title='bbox 1313 1109 1456 1192; x_wconf 36' lang='grc' dir='ltr'><strong>μζ,</strong></span> 
     </span>
     <span class='ocr_line' id='line_1_9' title="bbox 226 1205 1436 1295; baseline 0.001 -25"><span class='ocrx_word' id='word_1_67' title='bbox 226 1206 361 1272; x_wconf 86' lang='lat' dir='ltr'><strong>tentiale</strong></span> <span class='ocrx_word' id='word_1_68' title='bbox 384 1205 577 1292; x_wconf 85' lang='lat' dir='ltr'><strong>Bedeutung</strong></span> <span class='ocrx_word' id='word_1_69' title='bbox 605 1208 663 1273; x_wconf 90' lang='lat' dir='ltr'><strong>des</strong></span> <span class='ocrx_word' id='word_1_70' title='bbox 686 1206 931 1295; x_wconf 70' lang='lat' dir='ltr'><strong>conjunctive.)</strong></span> <span class='ocrx_word' id='word_1_71' title='bbox 974 1229 1005 1293; x_wconf 91' lang='lat' dir='ltr'><strong>p.</strong></span> <span class='ocrx_word' id='word_1_72' title='bbox 1036 1206 1121 1271; x_wconf 88' lang='lat' dir='ltr'><strong>Mur.</strong></span> <span class='ocrx_word' id='word_1_73' title='bbox 1145 1206 1181 1286; x_wconf 85' lang='lat'><strong>3,</strong></span> <span class='ocrx_word' id='word_1_74' title='bbox 1205 1206 1227 1272; x_wconf 89' lang='lat'><strong>6</strong></span> <span class='ocrx_word' id='word_1_75' title='bbox 1253 1208 1436 1293; x_wconf 49' lang='lat' dir='ltr'><strong>quodni</strong></span> 
     </span>
     <span class='ocr_line' id='line_1_10' title="bbox 226 1305 1438 1396; baseline 0.007 -24"><span class='ocrx_word' id='word_1_76' title='bbox 226 1318 304 1389; x_wconf 88' lang='lat' dir='ltr'><strong>tum,</strong></span> <span class='ocrx_word' id='word_1_77' title='bbox 327 1330 402 1372; x_wconf 89' lang='lat' dir='ltr'><strong>cum</strong></span> <span class='ocrx_word' id='word_1_78' title='bbox 417 1331 501 1394; x_wconf 87' lang='lat' dir='ltr'><strong>resp.</strong></span> <span class='ocrx_word' id='word_1_79' title='bbox 521 1311 587 1374; x_wconf 88' lang='lat' dir='ltr'><strong>vim</strong></span> <span class='ocrx_word' id='word_1_80' title='bbox 604 1319 637 1374; x_wconf 87' lang='lat' dir='ltr'><strong>ct</strong></span> <span class='ocrx_word' id='word_1_81' title='bbox 651 1310 859 1374; x_wconf 88' lang='lat' dir='ltr'><strong>severitatem</strong></span> <span class='ocrx_word' id='word_1_82' title='bbox 874 1305 1094 1390; x_wconf 79' lang='lat' dir='ltr'><strong>desiderabat,</strong></span> <span class='ocrx_word' id='word_1_83' title='bbox 1119 1308 1185 1375; x_wconf 87' lang='lat' dir='ltr'><strong>vici</strong></span> <span class='ocrx_word' id='word_1_84' title='bbox 1209 1319 1438 1396; x_wconf 67' lang='lat' dir='ltr'><strong>naturai-s,</strong></span> 
     </span>
     <span class='ocr_line' id='line_1_11' title="bbox 226 1409 1443 1497; baseline -0.001 -23"><span class='ocrx_word' id='word_1_85' title='bbox 226 1446 266 1457; x_wconf 92' lang='lat'>-</span> <span class='ocrx_word' id='word_1_86' title='bbox 283 1430 376 1492; x_wconf 78' lang='lat' dir='ltr'><strong>nunc,</strong></span> <span class='ocrx_word' id='word_1_87' title='bbox 399 1432 472 1474; x_wconf 91' lang='lat' dir='ltr'><strong>cum</strong></span> <span class='ocrx_word' id='word_1_88' title='bbox 495 1432 606 1475; x_wconf 88' lang='lat' dir='ltr'><strong>omnes</strong></span> <span class='ocrx_word' id='word_1_89' title='bbox 628 1431 681 1474; x_wconf 88' lang='lat' dir='ltr'><strong>me</strong></span> <span class='ocrx_word' id='word_1_90' title='bbox 702 1432 820 1475; x_wconf 87' lang='lat' dir='ltr'><strong>causac</strong></span> <span class='ocrx_word' id='word_1_91' title='bbox 842 1410 884 1474; x_wconf 89' lang='lat' dir='ltr'><strong>ad</strong></span> <span class='ocrx_word' id='word_1_92' title='bbox 908 1409 1168 1475; x_wconf 84' lang='lat' dir='ltr'><strong>misericordiam</strong></span> <span class='ocrx_word' id='word_1_93' title='bbox 1192 1421 1290 1497; x_wconf 84' lang='lat' dir='ltr'><strong>atque</strong></span> <span class='ocrx_word' id='word_1_94' title='bbox 1308 1409 1443 1481; x_wconf 59' lang='lat' dir='ltr'><strong>tm-</strong></span> 
     </span>
     <span class='ocr_line' id='line_1_12' title="bbox 226 1511 1450 1598; baseline 0.006 -24"><span class='ocrx_word' id='word_1_95' title='bbox 226 1512 415 1576; x_wconf 89' lang='lat' dir='ltr'><strong>manitatem</strong></span> <span class='ocrx_word' id='word_1_96' title='bbox 437 1518 552 1595; x_wconf 81' lang='lat' dir='ltr'><strong>vocent,</strong></span> <span class='ocrx_word' id='word_1_97' title='bbox 575 1521 695 1598; x_wconf 87' lang='lat' dir='ltr'><strong>quanto</strong></span> <span class='ocrx_word' id='word_1_98' title='bbox 719 1511 828 1577; x_wconf 90' lang='lat' dir='ltr'><strong>studio</strong></span> <span class='ocrx_word' id='word_1_99' title='bbox 850 1511 953 1577; x_wconf 90' lang='lat' dir='ltr'><strong>debeo</strong></span> <span class='ocrx_word' id='word_1_100' title='bbox 977 1519 1033 1576; x_wconf 89' lang='lat' dir='ltr'><strong>ctt.</strong></span> <span class='ocrx_word' id='word_1_101' title='bbox 1064 1513 1093 1591; x_wconf 67' lang='lat'><strong>§-</strong></span> <span class='ocrx_word' id='word_1_102' title='bbox 1109 1511 1130 1576; x_wconf 90' lang='grc'>8</span> <span class='ocrx_word' id='word_1_103' title='bbox 1147 1533 1254 1597; x_wconf 85' lang='lat' dir='ltr'><strong>neque</strong></span> <span class='ocrx_word' id='word_1_104' title='bbox 1274 1511 1450 1595; x_wconf 59' lang='lat' dir='ltr'><strong>enim,</strong></span> 
     </span>
     <span class='ocr_line' id='line_1_13' title="bbox 226 1611 1450 1700; baseline 0.001 -24"><span class='ocrx_word' id='word_1_105' title='bbox 226 1613 253 1676; x_wconf 90' lang='lat' dir='ltr'><strong>ei</strong></span> <span class='ocrx_word' id='word_1_106' title='bbox 286 1613 351 1679; x_wconf 88' lang='lat' dir='ltr'><strong>sibi</strong></span> <span class='ocrx_word' id='word_1_107' title='bbox 383 1618 465 1694; x_wconf 78' lang='lat' dir='ltr'><strong>tam,</strong></span> <span class='ocrx_word' id='word_1_108' title='bbox 501 1635 574 1678; x_wconf 89' lang='lat' dir='ltr'><strong>cum</strong></span> <span class='ocrx_word' id='word_1_109' title='bbox 607 1622 733 1700; x_wconf 88' lang='lat' dir='ltr'><strong>peteres</strong></span> <span class='ocrx_word' id='word_1_110' title='bbox 762 1613 985 1694; x_wconf 86' lang='lat' dir='ltr'><strong>consulatum,</strong></span> <span class='ocrx_word' id='word_1_111' title='bbox 1019 1611 1130 1695; x_wconf 87' lang='lat' dir='ltr'><strong>adfui,</strong></span> <span class='ocrx_word' id='word_1_112' title='bbox 1163 1633 1263 1692; x_wconf 77' lang='lat' dir='ltr'><strong>msc,</strong></span> <span class='ocrx_word' id='word_1_113' title='bbox 1293 1635 1355 1678; x_wconf 52' lang='lat' dir='ltr'><strong>eun</strong></span> <span class='ocrx_word' id='word_1_114' title='bbox 1382 1640 1450 1678; x_wconf 81' lang='lat' dir='ltr'><strong>m</strong></span> 
     </span>
     <span class='ocr_line' id='line_1_14' title="bbox 226 1713 1449 1802; baseline -0.002 -25"><span class='ocrx_word' id='word_1_115' title='bbox 226 1713 396 1778; x_wconf 87' lang='lat' dir='ltr'><strong>Murenam</strong></span> <span class='ocrx_word' id='word_1_116' title='bbox 417 1714 523 1800; x_wconf 88' lang='lat' dir='ltr'><strong>ipsum</strong></span> <span class='ocrx_word' id='word_1_117' title='bbox 546 1724 654 1801; x_wconf 89' lang='lat' dir='ltr'><strong>petae,</strong></span> <span class='ocrx_word' id='word_1_118' title='bbox 676 1715 805 1779; x_wconf 90' lang='lat' dir='ltr'><strong>adiutor</strong></span> <span class='ocrx_word' id='word_1_119' title='bbox 827 1713 940 1779; x_wconf 91' lang='lat' dir='ltr'><strong>eodem</strong></span> <span class='ocrx_word' id='word_1_120' title='bbox 963 1722 1060 1801; x_wconf 90' lang='lat' dir='ltr'><strong>pacto</strong></span> <span class='ocrx_word' id='word_1_121' title='bbox 1082 1734 1156 1778; x_wconf 86' lang='lat' dir='ltr'><strong>esse</strong></span> <span class='ocrx_word' id='word_1_122' title='bbox 1178 1713 1292 1780; x_wconf 87' lang='lat' dir='ltr'><strong>debeo.</strong></span> <span class='ocrx_word' id='word_1_123' title='bbox 1385 1740 1449 1802; x_wconf 85' lang='lat' dir='ltr'><strong>p.</strong></span> 
     </span>
     <span class='ocr_line' id='line_1_15' title="bbox 226 1814 1447 1903; baseline -0.001 -25"><span class='ocrx_word' id='word_1_124' title='bbox 226 1814 296 1880; x_wconf 89' lang='lat' dir='ltr'><strong>Mil.</strong></span> <span class='ocrx_word' id='word_1_125' title='bbox 318 1816 376 1898; x_wconf 89' lang='grc'><strong>26,</strong></span> <span class='ocrx_word' id='word_1_126' title='bbox 400 1816 442 1879; x_wconf 91' lang='grc'><strong>69</strong></span> <span class='ocrx_word' id='word_1_127' title='bbox 464 1815 543 1900; x_wconf 86' lang='lat' dir='ltr'><strong>erit,</strong></span> <span class='ocrx_word' id='word_1_128' title='bbox 569 1817 632 1881; x_wconf 90' lang='lat' dir='ltr'><strong>erit</strong></span> <span class='ocrx_word' id='word_1_129' title='bbox 652 1815 733 1881; x_wconf 91' lang='lat' dir='ltr'><strong>illud</strong></span> <span class='ocrx_word' id='word_1_130' title='bbox 755 1815 903 1903; x_wconf 81' lang='lat' dir='ltr'><strong>profecto</strong></span> <span class='ocrx_word' id='word_1_131' title='bbox 925 1820 1045 1897; x_wconf 62' lang='lat' dir='ltr'><strong>empus</strong></span> <span class='ocrx_word' id='word_1_132' title='bbox 1067 1824 1100 1879; x_wconf 86' lang='lat' dir='ltr'><strong>et</strong></span> <span class='ocrx_word' id='word_1_133' title='bbox 1122 1814 1289 1881; x_wconf 72' lang='lat' dir='ltr'><strong>illucescet</strong></span> <span class='ocrx_word' id='word_1_134' title='bbox 1307 1816 1447 1880; x_wconf 57' lang='lat' dir='ltr'><strong>ruli·</strong></span> 
     </span>
     <span class='ocr_line' id='line_1_16' title="bbox 226 1913 1442 2002; baseline -0.001 -22"><span class='ocrx_word' id='word_1_135' title='bbox 226 1917 354 2002; x_wconf 83' lang='lat' dir='ltr'><strong>quando</strong></span> <span class='ocrx_word' id='word_1_136' title='bbox 383 1914 439 1981; x_wconf 89' lang='lat' dir='ltr'><strong>ille</strong></span> <span class='ocrx_word' id='word_1_137' title='bbox 463 1916 547 1994; x_wconf 88' lang='lat' dir='ltr'><strong>dies,</strong></span> <span class='ocrx_word' id='word_1_138' title='bbox 576 1939 650 1981; x_wconf 91' lang='lat' dir='ltr'><strong>cum</strong></span> <span class='ocrx_word' id='word_1_139' title='bbox 679 1928 714 1983; x_wconf 90' lang='lat' dir='ltr'><strong>tu</strong></span> <span class='ocrx_word' id='word_1_140' title='bbox 737 1915 977 1982; x_wconf 86' lang='lat' dir='ltr'><strong>-&#39;desideres.</strong></span> <span class='ocrx_word' id='word_1_141' title='bbox 1021 1916 1128 1981; x_wconf 87' lang='lat' dir='ltr'><strong>Darin</strong></span> <span class='ocrx_word' id='word_1_142' title='bbox 1150 1917 1293 1983; x_wconf 83' lang='lat' dir='ltr'><strong>erkeane</strong></span> <span class='ocrx_word' id='word_1_143' title='bbox 1311 1913 1442 1983; x_wconf 68' lang='lat' dir='ltr'><strong>&#39;aeli</strong></span> 
     </span>
     <span class='ocr_line' id='line_1_17' title="bbox 226 2013 1438 2098; baseline 0.004 -17"><span class='ocrx_word' id='word_1_144' title='bbox 226 2017 323 2082; x_wconf 88' lang='lat' dir='ltr'><strong>keinc</strong></span> <span class='ocrx_word' id='word_1_145' title='bbox 345 2016 545 2098; x_wconf 74' lang='lat' dir='ltr'><strong>Causalitttt,</strong></span> <span class='ocrx_word' id='word_1_146' title='bbox 576 2017 717 2083; x_wconf 84' lang='lat' dir='ltr'><strong>sondern</strong></span> <span class='ocrx_word' id='word_1_147' title='bbox 746 2013 806 2084; x_wconf 82' lang='lat' dir='ltr'><strong>nur</strong></span> <span class='ocrx_word' id='word_1_148' title='bbox 835 2021 907 2083; x_wconf 91' lang='lat' dir='ltr'><strong>eine</strong></span> <span class='ocrx_word' id='word_1_149' title='bbox 932 2016 1204 2083; x_wconf 79' lang='lat' dir='ltr'><strong>Charakterietik</strong></span> <span class='ocrx_word' id='word_1_150' title='bbox 1232 2020 1289 2085; x_wconf 88' lang='lat' dir='ltr'><strong>der</strong></span> <span class='ocrx_word' id='word_1_151' title='bbox 1313 2014 1438 2086; x_wconf 78' lang='lat' dir='ltr'><strong>Si·</strong></span> 
     </span>
     <span class='ocr_line' id='line_1_18' title="bbox 193 2115 1433 2229; baseline 0.004 -47"><span class='ocrx_word' id='word_1_152' title='bbox 193 2165 208 2207; x_wconf 63' lang='lat'><strong>·,</strong></span> <span class='ocrx_word' id='word_1_153' title='bbox 225 2119 364 2184; x_wconf 86' lang='lat' dir='ltr'><strong>tuation.</strong></span> <span class='ocrx_word' id='word_1_154' title='bbox 408 2120 567 2205; x_wconf 86' lang='lat' dir='ltr'><strong>Dagegen</strong></span> <span class='ocrx_word' id='word_1_155' title='bbox 595 2118 676 2229; x_wconf 62' lang='lat' dir='ltr'><strong>liegt</strong></span> <span class='ocrx_word' id='word_1_156' title='bbox 703 2121 757 2184; x_wconf 87' lang='lat' dir='ltr'><strong>cin</strong></span> <span class='ocrx_word' id='word_1_157' title='bbox 784 2121 987 2186; x_wconf 87' lang='lat' dir='ltr'><strong>concessives</strong></span> <span class='ocrx_word' id='word_1_158' title='bbox 1013 2117 1220 2186; x_wconf 74' lang='lat' dir='ltr'><strong>Verbeltniss</strong></span> <span class='ocrx_word' id='word_1_159' title='bbox 1247 2142 1305 2187; x_wconf 89' lang='lat' dir='ltr'><strong>vor</strong></span> <span class='ocrx_word' id='word_1_160' title='bbox 1365 2115 1433 2179; x_wconf 66' lang='lat' dir='ltr'><strong>il</strong></span> 
     </span>
     <span class='ocr_line' id='line_1_19' title="bbox 225 2218 1428 2307; baseline 0.002 -22"><span class='ocrx_word' id='word_1_161' title='bbox 225 2222 284 2302; x_wconf 73' lang='lat'><strong>35,</strong></span> <span class='ocrx_word' id='word_1_162' title='bbox 307 2221 348 2286; x_wconf 83' lang='lat'><strong>98</strong></span> <span class='ocrx_word' id='word_1_163' title='bbox 375 2222 453 2306; x_wconf 90' lang='lat' dir='ltr'><strong>quin</strong></span> <span class='ocrx_word' id='word_1_164' title='bbox 483 2223 544 2287; x_wconf 91' lang='lat' dir='ltr'><strong>boc</strong></span> <span class='ocrx_word' id='word_1_165' title='bbox 571 2227 705 2304; x_wconf 81' lang='lat' dir='ltr'><strong>tempore</strong></span> <span class='ocrx_word' id='word_1_166' title='bbox 731 2224 819 2307; x_wconf 88' lang='lat' dir='ltr'><strong>ipso,</strong></span> <span class='ocrx_word' id='word_1_167' title='bbox 851 2243 925 2287; x_wconf 88' lang='lat' dir='ltr'><strong>cum</strong></span> <span class='ocrx_word' id='word_1_168' title='bbox 955 2218 1186 2306; x_wconf 83' lang='lat' dir='ltr'><strong>(„obgleieh“)</strong></span> <span class='ocrx_word' id='word_1_169' title='bbox 1213 2243 1328 2289; x_wconf 74' lang='lat' dir='ltr'><strong>omnes</strong></span> <span class='ocrx_word' id='word_1_170' title='bbox 1392 2230 1428 2274; x_wconf 71' lang='lat'>8</span> 
     </span>
     <span class='ocr_line' id='line_1_20' title="bbox 225 2321 1425 2401; baseline 0.003 -15"><span class='ocrx_word' id='word_1_171' title='bbox 225 2323 305 2388; x_wconf 90' lang='lat' dir='ltr'><strong>meis</strong></span> <span class='ocrx_word' id='word_1_172' title='bbox 340 2323 481 2387; x_wconf 92' lang='lat' dir='ltr'><strong>inimicis</strong></span> <span class='ocrx_word' id='word_1_173' title='bbox 517 2324 606 2387; x_wconf 87' lang='lat' dir='ltr'><strong>faces</strong></span> <span class='ocrx_word' id='word_1_174' title='bbox 639 2324 783 2389; x_wconf 86' lang='lat' dir='ltr'><strong>invidiae</strong></span> <span class='ocrx_word' id='word_1_175' title='bbox 814 2344 905 2388; x_wconf 88' lang='lat' dir='ltr'><strong>meae</strong></span> <span class='ocrx_word' id='word_1_176' title='bbox 938 2321 1159 2401; x_wconf 77' lang='lat' dir='ltr'><strong>subiciantur,</strong></span> <span class='ocrx_word' id='word_1_177' title='bbox 1192 2334 1298 2389; x_wconf 85' lang='lat' dir='ltr'><strong>tamen</strong></span> <span class='ocrx_word' id='word_1_178' title='bbox 1342 2344 1425 2367; x_wconf 73' lang='grc'><strong>···“</strong></span> 
     </span>
     <span class='ocr_line' id='line_1_21' title="bbox 225 2423 1418 2513; baseline -0.003 -23"><span class='ocrx_word' id='word_1_179' title='bbox 225 2424 437 2490; x_wconf 83' lang='lat' dir='ltr'><strong>celebramur.</strong></span> <span class='ocrx_word' id='word_1_180' title='bbox 482 2449 513 2513; x_wconf 90' lang='lat' dir='ltr'><strong>p.</strong></span> <span class='ocrx_word' id='word_1_181' title='bbox 538 2427 632 2491; x_wconf 91' lang='lat' dir='ltr'><strong>domo</strong></span> <span class='ocrx_word' id='word_1_182' title='bbox 658 2426 713 2507; x_wconf 90' lang='lat'><strong>10,</strong></span> <span class='ocrx_word' id='word_1_183' title='bbox 736 2426 778 2489; x_wconf 84' lang='grc'><strong>24</strong></span> <span class='ocrx_word' id='word_1_184' title='bbox 799 2430 866 2490; x_wconf 84' lang='lat' dir='ltr'><strong>tem</strong></span> <span class='ocrx_word' id='word_1_185' title='bbox 888 2425 921 2490; x_wconf 93' lang='lat' dir='ltr'><strong>in</strong></span> <span class='ocrx_word' id='word_1_186' title='bbox 944 2423 1009 2489; x_wconf 90' lang='lat' dir='ltr'><strong>illis</strong></span> <span class='ocrx_word' id='word_1_187' title='bbox 1031 2425 1080 2491; x_wconf 91' lang='lat' dir='ltr'><strong>rei</strong></span> <span class='ocrx_word' id='word_1_188' title='bbox 1102 2447 1134 2511; x_wconf 90' lang='lat' dir='ltr'><strong>p.</strong></span> <span class='ocrx_word' id='word_1_189' title='bbox 1157 2425 1299 2500; x_wconf 77' lang='lat' dir='ltr'><strong>tenebris</strong></span> <span class='ocrx_word' id='word_1_190' title='bbox 1325 2450 1418 2487; x_wconf 54' lang='grc' dir='ltr'><strong>κ,</strong></span> 
     </span>
     <span class='ocr_line' id='line_1_22' title="bbox 228 2524 1415 2612; baseline -0.004 -22"><span class='ocrx_word' id='word_1_191' title='bbox 228 2548 302 2591; x_wconf 90' lang='lat' dir='ltr'><strong>cum</strong></span> <span class='ocrx_word' id='word_1_192' title='bbox 324 2536 472 2592; x_wconf 86' lang='lat' dir='ltr'><strong>senatum</strong></span> <span class='ocrx_word' id='word_1_193' title='bbox 496 2549 517 2591; x_wconf 90' lang='lat' dir='ltr'><strong>a</strong></span> <span class='ocrx_word' id='word_1_194' title='bbox 538 2526 770 2610; x_wconf 80' lang='lat' dir='ltr'><strong>gubernaculis</strong></span> <span class='ocrx_word' id='word_1_195' title='bbox 784 2525 969 2610; x_wconf 87' lang='lat' dir='ltr'><strong>deiecisees,</strong></span> <span class='ocrx_word' id='word_1_196' title='bbox 992 2524 1148 2612; x_wconf 87' lang='lat' dir='ltr'><strong>populum</strong></span> <span class='ocrx_word' id='word_1_197' title='bbox 1172 2549 1190 2593; x_wconf 89' lang='lat' dir='ltr'><strong>e</strong></span> <span class='ocrx_word' id='word_1_198' title='bbox 1211 2528 1289 2592; x_wconf 88' lang='lat' dir='ltr'><strong>navi</strong></span> <span class='ocrx_word' id='word_1_199' title='bbox 1307 2537 1415 2589; x_wconf 72' lang='lat' dir='ltr'><strong>ex·</strong></span> 
     </span>
     <span class='ocr_line' id='line_1_23' title="bbox 225 2613 1411 2714; baseline 0.003 -22"><span class='ocrx_word' id='word_1_200' title='bbox 225 2628 406 2709; x_wconf 86' lang='lat' dir='ltr'><strong>turbaseee,</strong></span> <span class='ocrx_word' id='word_1_201' title='bbox 436 2629 507 2714; x_wconf 90' lang='lat' dir='ltr'><strong>ipsc</strong></span> <span class='ocrx_word' id='word_1_202' title='bbox 537 2664 572 2676; x_wconf 90' lang='lat'>-</span> <span class='ocrx_word' id='word_1_203' title='bbox 603 2627 802 2714; x_wconf 83' lang='lat' dir='ltr'><strong>archipirata</strong></span> <span class='ocrx_word' id='word_1_204' title='bbox 829 2628 1015 2712; x_wconf 86' lang='lat' dir='ltr'><strong>navigares.</strong></span> <span class='ocrx_word' id='word_1_205' title='bbox 1060 2613 1411 2712; x_wconf 62' lang='grc'><strong>(011111111111111111·,1</strong></span> 
     </span>
     <span class='ocr_line' id='line_1_24' title="bbox 225 2726 1407 2815; baseline 0.003 -23"><span class='ocrx_word' id='word_1_206' title='bbox 225 2727 288 2814; x_wconf 86' lang='lat' dir='ltr'><strong>leg.</strong></span> <span class='ocrx_word' id='word_1_207' title='bbox 311 2753 381 2815; x_wconf 84' lang='lat' dir='ltr'><strong>agr.</strong></span> <span class='ocrx_word' id='word_1_208' title='bbox 404 2732 434 2812; x_wconf 96' lang='grc'><strong>2,</strong></span> <span class='ocrx_word' id='word_1_209' title='bbox 458 2731 509 2812; x_wconf 74' lang='grc'><strong>24,</strong></span> <span class='ocrx_word' id='word_1_210' title='bbox 532 2731 583 2793; x_wconf 81' lang='grc'><strong>64.</strong></span> <span class='ocrx_word' id='word_1_211' title='bbox 617 2726 812 2813; x_wconf 86' lang='lat' dir='ltr'><strong>Vgl.·unten</strong></span> <span class='ocrx_word' id='word_1_212' title='bbox 836 2730 892 2794; x_wconf 92' lang='lat' dir='ltr'><strong>Nr.</strong></span> <span class='ocrx_word' id='word_1_213' title='bbox 915 2731 947 2792; x_wconf 78' lang='lat'><strong>4.</strong></span> <span class='ocrx_word' id='word_1_214' title='bbox 978 2752 1008 2815; x_wconf 90' lang='lat' dir='ltr'><strong>p.</strong></span> <span class='ocrx_word' id='word_1_215' title='bbox 1033 2729 1132 2794; x_wconf 86' lang='lat' dir='ltr'><strong>Marc.</strong></span> <span class='ocrx_word' id='word_1_216' title='bbox 1154 2730 1187 2815; x_wconf 83' lang='lat'><strong>5,</strong></span> <span class='ocrx_word' id='word_1_217' title='bbox 1212 2732 1250 2796; x_wconf 84' lang='lat'><strong>15</strong></span> <span class='ocrx_word' id='word_1_218' title='bbox 1272 2734 1407 2812; x_wconf 76' lang='lat' dir='ltr'><strong>atq¹¹⁰</strong></span> 
     </span>
     <span class='ocr_line' id='line_1_25' title="bbox 226 2827 1402 2911; baseline -0.002 -17"><span class='ocrx_word' id='word_1_219' title='bbox 226 2830 261 2894; x_wconf 91' lang='lat' dir='ltr'><strong>id</strong></span> <span class='ocrx_word' id='word_1_220' title='bbox 283 2832 390 2898; x_wconf 89' lang='lat' dir='ltr'><strong>minus</strong></span> <span class='ocrx_word' id='word_1_221' title='bbox 413 2832 531 2895; x_wconf 89' lang='lat' dir='ltr'><strong>mirum</strong></span> <span class='ocrx_word' id='word_1_222' title='bbox 555 2831 694 2895; x_wconf 86' lang='lat' dir='ltr'><strong>fortasse</strong></span> <span class='ocrx_word' id='word_1_223' title='bbox 717 2836 792 2911; x_wconf 71' lang='lat' dir='ltr'><strong>term,</strong></span> <span class='ocrx_word' id='word_1_224' title='bbox 815 2853 887 2895; x_wconf 90' lang='lat' dir='ltr'><strong>cum</strong></span> <span class='ocrx_word' id='word_1_225' title='bbox 911 2840 997 2895; x_wconf 86' lang='lat' dir='ltr'><strong>esset</strong></span> <span class='ocrx_word' id='word_1_226' title='bbox 1018 2831 1165 2896; x_wconf 89' lang='lat' dir='ltr'><strong>incertus</strong></span> <span class='ocrx_word' id='word_1_227' title='bbox 1187 2834 1294 2897; x_wconf 84' lang='lat' dir='ltr'><strong>exitus</strong></span> <span class='ocrx_word' id='word_1_228' title='bbox 1309 2827 1402 2892; x_wconf 67' lang='lat' dir='ltr'><strong>clt-</strong></span> 
     </span>
     <span class='ocr_line' id='line_1_26' title="bbox 225 2932 1398 3020; baseline 0.004 -25"><span class='ocrx_word' id='word_1_229' title='bbox 225 2932 322 2996; x_wconf 78' lang='lat' dir='ltr'><strong>&#39;l&#39;usc</strong></span> <span class='ocrx_word' id='word_1_230' title='bbox 345 2934 382 3015; x_wconf 94' lang='grc'><strong>2,</strong></span> <span class='ocrx_word' id='word_1_231' title='bbox 404 2933 446 2996; x_wconf 79' lang='grc'><strong>24</strong></span> <span class='ocrx_word' id='word_1_232' title='bbox 468 2956 544 2996; x_wconf 89' lang='lat' dir='ltr'><strong>num</strong></span> <span class='ocrx_word' id='word_1_233' title='bbox 569 2943 637 2998; x_wconf 89' lang='lat' dir='ltr'><strong>tum</strong></span> <span class='ocrx_word' id='word_1_234' title='bbox 660 2933 857 3016; x_wconf 85' lang='lat' dir='ltr'><strong>ingemuisse</strong></span> <span class='ocrx_word' id='word_1_235' title='bbox 881 2932 1142 3019; x_wconf 82' lang='lat' dir='ltr'><strong>Epaminondam</strong></span> <span class='ocrx_word' id='word_1_236' title='bbox 1167 2942 1272 3020; x_wconf 88' lang='lat' dir='ltr'><strong>putas,</strong></span> <span class='ocrx_word' id='word_1_237' title='bbox 1286 2938 1398 3000; x_wconf 76' lang='lat' dir='ltr'><strong>‘eum</strong></span> 
     </span>
     <span class='ocr_line' id='line_1_27' title="bbox 228 3031 1394 3119; baseline 0.001 -22"><span class='ocrx_word' id='word_1_238' title='bbox 228 3070 261 3081; x_wconf 86' lang='lat'><em>-</em></span> <span class='ocrx_word' id='word_1_239' title='bbox 288 3035 389 3098; x_wconf 88' lang='lat' dir='ltr'><strong>vitam</strong></span> <span class='ocrx_word' id='word_1_240' title='bbox 417 3033 550 3099; x_wconf 83' lang='lat' dir='ltr'><strong>effluere</strong></span> <span class='ocrx_word' id='word_1_241' title='bbox 578 3033 738 3098; x_wconf 81' lang='lat' dir='ltr'><strong>sentiret?</strong></span> <span class='ocrx_word' id='word_1_242' title='bbox 782 3056 849 3119; x_wconf 88' lang='lat' dir='ltr'><strong>rep.</strong></span> <span class='ocrx_word' id='word_1_243' title='bbox 873 3034 906 3116; x_wconf 93' lang='grc'><strong>2,</strong></span> <span class='ocrx_word' id='word_1_244' title='bbox 931 3035 971 3098; x_wconf 89' lang='grc'><strong>10</strong></span> <span class='ocrx_word' id='word_1_245' title='bbox 1001 3034 1035 3098; x_wconf 90' lang='lat' dir='ltr'><strong>in</strong></span> <span class='ocrx_word' id='word_1_246' title='bbox 1065 3035 1101 3098; x_wconf 82' lang='lat' dir='ltr'><strong>id</strong></span> <span class='ocrx_word' id='word_1_247' title='bbox 1118 3037 1281 3103; x_wconf 74' lang='lat' dir='ltr'><strong>sacerdtem</strong></span> <span class='ocrx_word' id='word_1_248' title='bbox 1300 3031 1394 3098; x_wconf 83' lang='lat' dir='ltr'><strong>Ro·</strong></span> 
     </span>
     <span class='ocr_line' id='line_1_28' title="bbox 226 3133 1473 3223; baseline 0.003 -26"><span class='ocrx_word' id='word_1_249' title='bbox 226 3133 304 3198; x_wconf 92' lang='lat' dir='ltr'><strong>muli</strong></span> <span class='ocrx_word' id='word_1_250' title='bbox 338 3134 456 3199; x_wconf 81' lang='lat' dir='ltr'><strong>cecidit</strong></span> <span class='ocrx_word' id='word_1_251' title='bbox 487 3146 594 3217; x_wconf 86' lang='lat' dir='ltr'><strong>aetas,</strong></span> <span class='ocrx_word' id='word_1_252' title='bbox 631 3157 703 3199; x_wconf 91' lang='lat' dir='ltr'><strong>cum</strong></span> <span class='ocrx_word' id='word_1_253' title='bbox 738 3136 803 3199; x_wconf 88' lang='lat' dir='ltr'><strong>iam</strong></span> <span class='ocrx_word' id='word_1_254' title='bbox 838 3135 934 3221; x_wconf 89' lang='lat' dir='ltr'><strong>plena</strong></span> <span class='ocrx_word' id='word_1_255' title='bbox 962 3133 1105 3203; x_wconf 83' lang='lat' dir='ltr'><strong>Graecia</strong></span> <span class='ocrx_word' id='word_1_256' title='bbox 1132 3173 1172 3184; x_wconf 88' lang='lat'>—</span> <span class='ocrx_word' id='word_1_257' title='bbox 1201 3142 1389 3223; x_wconf 76' lang='lat' dir='ltr'><strong>poetarum</strong></span> <span class='ocrx_word' id='word_1_258' title='bbox 1465 3186 1473 3208; x_wconf 69' lang='lat'><strong>.</strong></span> 
     </span>
     <span class='ocr_line' id='line_1_29' title="bbox 226 3224 1467 3323; baseline 0.002 -24"><span class='ocrx_word' id='word_1_259' title='bbox 226 3247 320 3300; x_wconf 88' lang='lat' dir='ltr'><strong>esset.</strong></span> <span class='ocrx_word' id='word_1_260' title='bbox 366 3236 417 3301; x_wconf 89' lang='lat' dir='ltr'><strong>off.</strong></span> <span class='ocrx_word' id='word_1_261' title='bbox 441 3237 476 3319; x_wconf 88' lang='grc'><strong>3,</strong></span> <span class='ocrx_word' id='word_1_262' title='bbox 498 3238 541 3301; x_wconf 91' lang='grc'><strong>20</strong></span> <span class='ocrx_word' id='word_1_263' title='bbox 568 3243 649 3316; x_wconf 76' lang='lat' dir='ltr'><strong>trem,</strong></span> <span class='ocrx_word' id='word_1_264' title='bbox 679 3260 752 3301; x_wconf 89' lang='lat' dir='ltr'><strong>cum</strong></span> <span class='ocrx_word' id='word_1_265' title='bbox 781 3250 910 3323; x_wconf 87' lang='lat' dir='ltr'><strong>praetor</strong></span> <span class='ocrx_word' id='word_1_266' title='bbox 938 3245 1033 3303; x_wconf 85' lang='lat' dir='ltr'><strong>esset.</strong></span> <span class='ocrx_word' id='word_1_267' title='bbox 1079 3236 1239 3322; x_wconf 85' lang='lat' dir='ltr'><strong>fam.l3,</strong></span> <span class='ocrx_word' id='word_1_268' title='bbox 1268 3237 1332 3314; x_wconf 85' lang='lat'><strong>16,</strong></span> <span class='ocrx_word' id='word_1_269' title='bbox 1370 3224 1381 3284; x_wconf 77' lang='lat'><strong>¹</strong></span> <span class='ocrx_word' id='word_1_270' title='bbox 1464 3272 1467 3279; x_wconf 79' lang='lat'><em>,</em></span> 
     </span>
     <span class='ocr_line' id='line_1_30' title="bbox 225 3334 1461 3425; baseline 0.005 -23"><span class='ocrx_word' id='word_1_271' title='bbox 225 3336 433 3425; x_wconf 88' lang='lat' dir='ltr'><strong>Apollonium</strong></span> <span class='ocrx_word' id='word_1_272' title='bbox 463 3340 528 3404; x_wconf 89' lang='lat' dir='ltr'><strong>iam</strong></span> <span class='ocrx_word' id='word_1_273' title='bbox 557 3349 627 3403; x_wconf 91' lang='lat' dir='ltr'><strong>tum</strong></span> <span class='ocrx_word' id='word_1_274' title='bbox 655 3338 822 3425; x_wconf 89' lang='lat' dir='ltr'><strong>equidem,</strong></span> <span class='ocrx_word' id='word_1_275' title='bbox 850 3360 923 3402; x_wconf 88' lang='lat' dir='ltr'><strong>cum</strong></span> <span class='ocrx_word' id='word_1_276' title='bbox 952 3336 1008 3403; x_wconf 87' lang='lat' dir='ltr'><strong>ille</strong></span> <span class='ocrx_word' id='word_1_277' title='bbox 1037 3337 1210 3424; x_wconf 85' lang='lat' dir='ltr'><strong>(Crassus)</strong></span> <span class='ocrx_word' id='word_1_278' title='bbox 1232 3334 1378 3407; x_wconf 65' lang='lat' dir='ltr'><strong>viveret,</strong></span> <span class='ocrx_word' id='word_1_279' title='bbox 1454 3373 1461 3408; x_wconf 63' lang='lat' dir='ltr'><strong>r</strong></span> 
     </span>
     <span class='ocr_line' id='line_1_31' title="bbox 225 3433 1454 3527; baseline -0.003 -24"><span class='ocrx_word' id='word_1_280' title='bbox 225 3449 258 3503; x_wconf 89' lang='lat' dir='ltr'><strong>et</strong></span> <span class='ocrx_word' id='word_1_281' title='bbox 285 3441 396 3524; x_wconf 84' lang='lat' dir='ltr'><strong>magni</strong></span> <span class='ocrx_word' id='word_1_282' title='bbox 424 3440 586 3504; x_wconf 88' lang='lat' dir='ltr'><strong>faciebam</strong></span> <span class='ocrx_word' id='word_1_283' title='bbox 615 3450 647 3505; x_wconf 90' lang='lat' dir='ltr'><strong>et</strong></span> <span class='ocrx_word' id='word_1_284' title='bbox 674 3440 864 3527; x_wconf 87' lang='lat' dir='ltr'><strong>probabam.</strong></span> <span class='ocrx_word' id='word_1_285' title='bbox 910 3439 980 3503; x_wconf 81' lang='lat' dir='ltr'><strong>att.</strong></span> <span class='ocrx_word' id='word_1_286' title='bbox 1001 3439 1038 3521; x_wconf 82' lang='lat'><strong>5,</strong></span> <span class='ocrx_word' id='word_1_287' title='bbox 1065 3442 1120 3522; x_wconf 94' lang='grc'><strong>11,</strong></span> <span class='ocrx_word' id='word_1_288' title='bbox 1144 3441 1162 3504; x_wconf 82' lang='lat' dir='ltr'><strong>l</strong></span> <span class='ocrx_word' id='word_1_289' title='bbox 1186 3451 1254 3507; x_wconf 90' lang='lat' dir='ltr'><strong>tum</strong></span> <span class='ocrx_word' id='word_1_290' title='bbox 1275 3433 1372 3503; x_wconf 72' lang='lat' dir='ltr'><strong>vide</strong></span> <span class='ocrx_word' id='word_1_291' title='bbox 1446 3468 1454 3512; x_wconf 70' lang='lat'><strong>3·</strong></span> 
     </span>
     <span class='ocr_line' id='line_1_32' title="bbox 227 3540 1364 3627; baseline 0.002 -23"><span class='ocrx_word' id='word_1_292' title='bbox 227 3542 303 3606; x_wconf 85' lang='lat' dir='ltr'><strong>licet</strong></span> <span class='ocrx_word' id='word_1_293' title='bbox 325 3543 421 3606; x_wconf 87' lang='lat' dir='ltr'><strong>datae</strong></span> <span class='ocrx_word' id='word_1_294' title='bbox 445 3545 535 3623; x_wconf 88' lang='lat' dir='ltr'><strong>(sunt</strong></span> <span class='ocrx_word' id='word_1_295' title='bbox 557 3541 741 3627; x_wconf 88' lang='lat' dir='ltr'><strong>epistolae),</strong></span> <span class='ocrx_word' id='word_1_296' title='bbox 764 3563 837 3608; x_wconf 81' lang='lat' dir='ltr'><strong>cunr</strong></span> <span class='ocrx_word' id='word_1_297' title='bbox 861 3561 921 3624; x_wconf 86' lang='lat' dir='ltr'><strong>ego</strong></span> <span class='ocrx_word' id='word_1_298' title='bbox 944 3561 996 3604; x_wconf 90' lang='lat' dir='ltr'><strong>me</strong></span> <span class='ocrx_word' id='word_1_299' title='bbox 1019 3563 1084 3605; x_wconf 91' lang='lat' dir='ltr'><strong>non</strong></span> <span class='ocrx_word' id='word_1_300' title='bbox 1102 3540 1186 3606; x_wconf 87' lang='lat' dir='ltr'><strong>belle</strong></span> <span class='ocrx_word' id='word_1_301' title='bbox 1201 3542 1364 3608; x_wconf 76' lang='lat' dir='ltr'><strong>haberem·</strong></span> 
     </span>
     <span class='ocr_line' id='line_1_33' title="bbox 226 3641 1463 3725; baseline 0 -18"><span class='ocrx_word' id='word_1_302' title='bbox 226 3681 264 3690; x_wconf 92' lang='lat'><em>-</em></span> <span class='ocrx_word' id='word_1_303' title='bbox 289 3643 385 3708; x_wconf 85' lang='lat' dir='ltr'><strong>Sonet</strong></span> <span class='ocrx_word' id='word_1_304' title='bbox 414 3642 523 3707; x_wconf 88' lang='lat' dir='ltr'><strong>kenne</strong></span> <span class='ocrx_word' id='word_1_305' title='bbox 540 3641 603 3706; x_wconf 81' lang='lat' dir='ltr'><strong>ich</strong></span> <span class='ocrx_word' id='word_1_306' title='bbox 632 3664 693 3707; x_wconf 86' lang='lat' dir='ltr'><strong>nur</strong></span> <span class='ocrx_word' id='word_1_307' title='bbox 721 3642 803 3711; x_wconf 84' lang='lat' dir='ltr'><strong>noch</strong></span> <span class='ocrx_word' id='word_1_308' title='bbox 832 3641 936 3707; x_wconf 85' lang='lat' dir='ltr'><strong>Ovid</strong></span> <span class='ocrx_word' id='word_1_309' title='bbox 964 3641 1049 3706; x_wconf 90' lang='lat' dir='ltr'><strong>trist.</strong></span> <span class='ocrx_word' id='word_1_310' title='bbox 1076 3643 1111 3725; x_wconf 84' lang='lat'><strong>4,</strong></span> <span class='ocrx_word' id='word_1_311' title='bbox 1143 3645 1198 3725; x_wconf 90' lang='grc'><strong>10,</strong></span> <span class='ocrx_word' id='word_1_312' title='bbox 1226 3644 1265 3709; x_wconf 86' lang='grc'><strong>63</strong></span> <span class='ocrx_word' id='word_1_313' title='bbox 1288 3644 1361 3705; x_wconf 59' lang='lat' dir='ltr'><strong>ism</strong></span> <span class='ocrx_word' id='word_1_314' title='bbox 1451 3692 1463 3707; x_wconf 89' lang='lat'><strong>.</strong></span> 
     </span>
     <span class='ocr_line' id='line_1_34' title="bbox 225 3728 1356 3832; baseline -0.003 -24"><span class='ocrx_word' id='word_1_315' title='bbox 225 3767 368 3832; x_wconf 88' lang='lat' dir='ltr'><strong>quoque,</strong></span> <span class='ocrx_word' id='word_1_316' title='bbox 398 3766 471 3808; x_wconf 87' lang='lat' dir='ltr'><strong>cum</strong></span> <span class='ocrx_word' id='word_1_317' title='bbox 494 3745 657 3828; x_wconf 86' lang='lat' dir='ltr'><strong>fugerem,</strong></span> <span class='ocrx_word' id='word_1_318' title='bbox 687 3743 846 3830; x_wconf 89' lang='lat' dir='ltr'><strong>quaedam</strong></span> <span class='ocrx_word' id='word_1_319' title='bbox 873 3742 1036 3829; x_wconf 85' lang='lat' dir='ltr'><strong>placitura</strong></span> <span class='ocrx_word' id='word_1_320' title='bbox 1063 3746 1222 3828; x_wconf 71' lang='lat' dir='ltr'><strong>cremavi,</strong></span> <span class='ocrx_word' id='word_1_321' title='bbox 1248 3739 1303 3809; x_wconf 90' lang='lat' dir='ltr'><strong>uad</strong></span> <span class='ocrx_word' id='word_1_322' title='bbox 1331 3728 1356 3793; x_wconf 63' lang='lat'><em>2</em></span> 
     </span>
     <span class='ocr_line' id='line_1_35' title="bbox 226 3826 1474 3934; baseline 0 -23"><span class='ocrx_word' id='word_1_323' title='bbox 226 3844 348 3911; x_wconf 86' lang='lat' dir='ltr'><strong>Stellen</strong></span> <span class='ocrx_word' id='word_1_324' title='bbox 372 3869 430 3910; x_wconf 85' lang='lat' dir='ltr'><strong>aue</strong></span> <span class='ocrx_word' id='word_1_325' title='bbox 454 3845 630 3910; x_wconf 88' lang='lat' dir='ltr'><strong>Gellius:</strong></span> <span class='ocrx_word' id='word_1_326' title='bbox 657 3849 690 3928; x_wconf 95' lang='grc'><strong>1,</strong></span> <span class='ocrx_word' id='word_1_327' title='bbox 713 3847 748 3928; x_wconf 91' lang='grc'><strong>2,</strong></span> <span class='ocrx_word' id='word_1_328' title='bbox 771 3846 792 3909; x_wconf 88' lang='grc'><strong>2</strong></span> <span class='ocrx_word' id='word_1_329' title='bbox 814 3845 860 3909; x_wconf 89' lang='lat' dir='ltr'><strong>ibi</strong></span> <span class='ocrx_word' id='word_1_330' title='bbox 883 3856 978 3926; x_wconf 86' lang='lat' dir='ltr'><strong>tunc,</strong></span> <span class='ocrx_word' id='word_1_331' title='bbox 1007 3866 1082 3911; x_wconf 89' lang='lat' dir='ltr'><strong>cum</strong></span> <span class='ocrx_word' id='word_1_332' title='bbox 1111 3867 1253 3915; x_wconf 89' lang='lat' dir='ltr'><strong>essemus</strong></span> <span class='ocrx_word' id='word_1_333' title='bbox 1272 3826 1349 3926; x_wconf 71' lang='lat' dir='ltr'><strong>,pud</strong></span> <span class='ocrx_word' id='word_1_334' title='bbox 1421 3859 1474 3934; x_wconf 36' lang='lat' dir='ltr'><strong>l..-</strong></span> 
     </span>
     <span class='ocr_line' id='line_1_36' title="bbox 226 3931 1462 4037; baseline -0.002 -26"><span class='ocrx_word' id='word_1_335' title='bbox 226 3970 299 4012; x_wconf 89' lang='lat' dir='ltr'><strong>eum</strong></span> <span class='ocrx_word' id='word_1_336' title='bbox 327 3950 359 4012; x_wconf 92' lang='lat' dir='ltr'><strong>in</strong></span> <span class='ocrx_word' id='word_1_337' title='bbox 390 3944 468 4011; x_wconf 87' lang='lat' dir='ltr'><strong>villa</strong></span> <span class='ocrx_word' id='word_1_338' title='bbox 494 3985 540 4026; x_wconf 86' lang='lat'><strong>-,</strong></span> <span class='ocrx_word' id='word_1_339' title='bbox 571 3946 842 4033; x_wconf 84' lang='lat' dir='ltr'><strong>propulsabamus</strong></span> <span class='ocrx_word' id='word_1_340' title='bbox 871 3943 989 4011; x_wconf 87' lang='lat' dir='ltr'><strong>caloris</strong></span> <span class='ocrx_word' id='word_1_341' title='bbox 1017 3947 1233 4014; x_wconf 79' lang='lat' dir='ltr'><strong>incommoda.</strong></span> <span class='ocrx_word' id='word_1_342' title='bbox 1270 3944 1296 4022; x_wconf 82' lang='lat'><strong>6,</strong></span> <span class='ocrx_word' id='word_1_343' title='bbox 1313 3931 1344 4008; x_wconf 81' lang='lat'><strong>6,</strong></span> <span class='ocrx_word' id='word_1_344' title='bbox 1415 4000 1462 4037; x_wconf 59' lang='lat' dir='ltr'>r</span> 
     </span>
     <span class='ocr_line' id='line_1_37' title="bbox 228 4044 1474 4137; baseline -0.001 -25"><span class='ocrx_word' id='word_1_345' title='bbox 228 4050 265 4113; x_wconf 92' lang='grc'><strong>12</strong></span> <span class='ocrx_word' id='word_1_346' title='bbox 289 4048 480 4112; x_wconf 86' lang='lat' dir='ltr'><strong>adulescens</strong></span> <span class='ocrx_word' id='word_1_347' title='bbox 508 4072 568 4134; x_wconf 81' lang='lat' dir='ltr'><strong>ogo</strong></span> <span class='ocrx_word' id='word_1_348' title='bbox 592 4049 713 4112; x_wconf 87' lang='lat' dir='ltr'><strong>Romae</strong></span> <span class='ocrx_word' id='word_1_349' title='bbox 735 4054 817 4130; x_wconf 82' lang='lat' dir='ltr'><strong>tem,</strong></span> <span class='ocrx_word' id='word_1_350' title='bbox 846 4069 920 4112; x_wconf 88' lang='lat' dir='ltr'><strong>oum</strong></span> <span class='ocrx_word' id='word_1_351' title='bbox 948 4049 1046 4112; x_wconf 86' lang='lat' dir='ltr'><strong>ctiam</strong></span> <span class='ocrx_word' id='word_1_352' title='bbox 1069 4049 1113 4115; x_wconf 92' lang='lat' dir='ltr'><strong>ad</strong></span> <span class='ocrx_word' id='word_1_353' title='bbox 1136 4044 1338 4136; x_wconf 60' lang='lat' dir='ltr'><strong>grammatic)t</strong></span> <span class='ocrx_word' id='word_1_354' title='bbox 1412 4076 1474 4137; x_wconf 54' lang='lat' dir='ltr'><strong>a.</strong></span> 
     </span>
     <span class='ocr_line' id='line_1_38' title="bbox 224 4148 741 4236; baseline 0.001 -22"><span class='ocrx_word' id='word_1_355' title='bbox 224 4153 351 4233; x_wconf 84' lang='lat' dir='ltr'><strong>iterem,</strong></span> <span class='ocrx_word' id='word_1_356' title='bbox 374 4150 485 4215; x_wconf 81' lang='lat' dir='ltr'><strong>audivi</strong></span> <span class='ocrx_word' id='word_1_357' title='bbox 509 4148 741 4236; x_wconf 85' lang='lat' dir='ltr'><strong>Apollinarem.</strong></span> 
     </span>
     <span class='ocr_line' id='line_1_39' title="bbox 308 4246 1459 4337; baseline -0.003 -20"><span class='ocrx_word' id='word_1_358' title='bbox 308 4253 338 4320; x_wconf 85' lang='lat'><strong>3.</strong></span> <span class='ocrx_word' id='word_1_359' title='bbox 362 4253 456 4316; x_wconf 85' lang='lat' dir='ltr'><strong>Auch</strong></span> <span class='ocrx_word' id='word_1_360' title='bbox 479 4273 549 4317; x_wconf 71' lang='lat' dir='ltr'><strong>mem</strong></span> <span class='ocrx_word' id='word_1_361' title='bbox 571 4255 690 4318; x_wconf 77' lang='lat' dir='ltr'><strong>interea</strong></span> <span class='ocrx_word' id='word_1_362' title='bbox 712 4251 867 4337; x_wconf 73' lang='lat' dir='ltr'><strong>(interim)</strong></span> <span class='ocrx_word' id='word_1_363' title='bbox 888 4250 992 4317; x_wconf 86' lang='lat' dir='ltr'><strong>findet</strong></span> <span class='ocrx_word' id='word_1_364' title='bbox 1013 4253 1084 4317; x_wconf 89' lang='lat' dir='ltr'><strong>sich</strong></span> <span class='ocrx_word' id='word_1_365' title='bbox 1106 4255 1167 4319; x_wconf 89' lang='lat' dir='ltr'><strong>mit</strong></span> <span class='ocrx_word' id='word_1_366' title='bbox 1189 4253 1259 4319; x_wconf 87' lang='lat' dir='ltr'><strong>dem</strong></span> <span class='ocrx_word' id='word_1_367' title='bbox 1274 4246 1335 4313; x_wconf 61' lang='lat' dir='ltr'><strong>Cant</strong></span> <span class='ocrx_word' id='word_1_368' title='bbox 1405 4276 1459 4334; x_wconf 47' lang='lat' dir='ltr'><strong>eg</strong></span> 
     </span>
     <span class='ocr_line' id='line_1_40' title="bbox 221 4350 1474 4441; baseline -0.004 -24"><span class='ocrx_word' id='word_1_369' title='bbox 221 4355 364 4441; x_wconf 75' lang='lat' dir='ltr'><strong>junctirr,</strong></span> <span class='ocrx_word' id='word_1_370' title='bbox 381 4375 475 4418; x_wconf 88' lang='lat' dir='ltr'><strong>wenn</strong></span> <span class='ocrx_word' id='word_1_371' title='bbox 491 4353 549 4418; x_wconf 89' lang='lat' dir='ltr'><strong>der</strong></span> <span class='ocrx_word' id='word_1_372' title='bbox 563 4352 674 4417; x_wconf 88' lang='lat' dir='ltr'><strong>Inhalt</strong></span> <span class='ocrx_word' id='word_1_373' title='bbox 691 4354 748 4418; x_wconf 86' lang='lat' dir='ltr'><strong>dee</strong></span> <span class='ocrx_word' id='word_1_374' title='bbox 761 4354 982 4440; x_wconf 84' lang='lat' dir='ltr'><strong>Hauptsataes</strong></span> <span class='ocrx_word' id='word_1_375' title='bbox 997 4353 1101 4421; x_wconf 90' lang='lat' dir='ltr'><strong>durch</strong></span> <span class='ocrx_word' id='word_1_376' title='bbox 1113 4350 1332 4426; x_wconf 72' lang='lat' dir='ltr'><strong>Heranaicbuag</strong></span> <span class='ocrx_word' id='word_1_377' title='bbox 1407 4370 1422 4387; x_wconf 63' lang='lat'><strong>⁵·</strong></span> <span class='ocrx_word' id='word_1_378' title='bbox 1442 4396 1474 4430; x_wconf 53' lang='lat'><em>5</em></span> 
     </span>
     <span class='ocr_line' id='line_1_41' title="bbox 225 4444 1457 4542; baseline -0.004 -20"><span class='ocrx_word' id='word_1_379' title='bbox 225 4455 313 4523; x_wconf 88' lang='lat' dir='ltr'><strong>eines</strong></span> <span class='ocrx_word' id='word_1_380' title='bbox 342 4455 717 4542; x_wconf 85' lang='lat' dir='ltr'><strong>untergeordneten</strong></span> <span class='ocrx_word' id='word_1_381' title='bbox 743 4455 906 4523; x_wconf 85' lang='lat' dir='ltr'><strong>Moments</strong></span> <span class='ocrx_word' id='word_1_382' title='bbox 940 4454 1114 4523; x_wconf 82' lang='lat' dir='ltr'><strong>bestimmt</strong></span> <span class='ocrx_word' id='word_1_383' title='bbox 1137 4457 1265 4525; x_wconf 82' lang='lat' dir='ltr'><strong>werden</strong></span> <span class='ocrx_word' id='word_1_384' title='bbox 1285 4444 1334 4517; x_wconf 85' lang='lat' dir='ltr'><strong>soll</strong></span> <span class='ocrx_word' id='word_1_385' title='bbox 1389 4473 1457 4513; x_wconf 61' lang='lat'><strong>-&lt;·.··</strong></span> 
     </span>
    </p>
   </div>
   <div class='ocr_carea' id='block_1_3' title="bbox 0 0 1478 4980">
    <p class='ocr_par' dir='ltr' id='par_1_3' title="bbox 0 0 1478 4980">
     <span class='ocr_line' id='line_1_42' title="bbox 0 0 1478 4980; baseline 0 0"><span class='ocrx_word' id='word_1_386' title='bbox 0 0 1478 4980; x_wconf 95' lang='lat' dir='ltr'><strong> </strong></span> 
     </span>
    </p>
   </div>
  </div>
 </body>
</html>
