<?xml version="1.0" encoding="UTF-8"?>
<!DOCTYPE html PUBLIC "-//W3C//DTD XHTML 1.0 Transitional//EN"
    "http://www.w3.org/TR/xhtml1/DTD/xhtml1-transitional.dtd">
<html xmlns="http://www.w3.org/1999/xhtml" xml:lang="en" lang="en">
 <head>
  <title>
</title>
<meta http-equiv="Content-Type" content="text/html;charset=utf-8" />
  <meta name='ocr-system' content='tesseract 3.04.00' />
  <meta name='ocr-capabilities' content='ocr_page ocr_carea ocr_par ocr_line ocrx_word'/>
</head>
<body>
  <div class='ocr_page' id='page_1' title='image "./historischesynt01draegoog/historischesynt01draegoog_0046.png"; bbox 0 0 2948 4988; ppageno 0'>
   <div class='ocr_carea' id='block_1_1' title="bbox 474 322 775 395">
    <p class='ocr_par' dir='ltr' id='par_1_1' title="bbox 474 322 775 395">
     <span class='ocr_line' id='line_1_1' title="bbox 474 322 775 395; baseline -0.037 0"><span class='ocrx_word' id='word_1_1' title='bbox 474 322 775 395; x_wconf 84' lang='lat'>.-31-</span> 
     </span>
    </p>
   </div>
   <div class='ocr_carea' id='block_1_2' title="bbox 95 471 1243 660">
    <p class='ocr_par' dir='ltr' id='par_1_2' title="bbox 95 471 1243 660">
     <span class='ocr_line' id='line_1_2' title="bbox 97 471 1243 560; baseline -0.003 -20"><span class='ocrx_word' id='word_1_2' title='bbox 97 473 322 560; x_wconf 66' lang='lat' dir='ltr'>tranquillus.</span> <span class='ocrx_word' id='word_1_3' title='bbox 334 471 450 558; x_wconf 87' lang='lat' dir='ltr'>Apul.</span> <span class='ocrx_word' id='word_1_4' title='bbox 467 495 509 537; x_wconf 88' lang='lat' dir='ltr'>rn.</span> <span class='ocrx_word' id='word_1_5' title='bbox 527 473 574 554; x_wconf 99' lang='grc'>10,</span> <span class='ocrx_word' id='word_1_6' title='bbox 591 474 611 537; x_wconf 89' lang='lat'><strong>3</strong></span> <span class='ocrx_word' id='word_1_7' title='bbox 626 481 660 537; x_wconf 89' lang='lat' dir='ltr'>et</span> <span class='ocrx_word' id='word_1_8' title='bbox 674 474 771 538; x_wconf 89' lang='lat' dir='ltr'>etiam</span> <span class='ocrx_word' id='word_1_9' title='bbox 787 471 916 537; x_wconf 88' lang='lat' dir='ltr'>medela</span> <span class='ocrx_word' id='word_1_10' title='bbox 930 475 1011 559; x_wconf 87' lang='lat' dir='ltr'>ipsa.</span> <span class='ocrx_word' id='word_1_11' title='bbox 1045 474 1082 537; x_wconf 95' lang='grc'>17</span> <span class='ocrx_word' id='word_1_12' title='bbox 1099 484 1132 538; x_wconf 88' lang='grc'>51</span> <span class='ocrx_word' id='word_1_13' title='bbox 1146 475 1243 538; x_wconf 87' lang='lat' dir='ltr'>ctiam</span> 
     </span>
     <span class='ocr_line' id='line_1_3' title="bbox 95 572 1177 660; baseline -0.003 -20"><span class='ocrx_word' id='word_1_14' title='bbox 95 575 230 640; x_wconf 89' lang='lat' dir='ltr'>saltare.</span> <span class='ocrx_word' id='word_1_15' title='bbox 262 572 459 660; x_wconf 89' lang='lat' dir='ltr'>Lamprid.</span> <span class='ocrx_word' id='word_1_16' title='bbox 477 572 602 638; x_wconf 84' lang='lat' dir='ltr'>Comm.</span> <span class='ocrx_word' id='word_1_17' title='bbox 629 576 641 636; x_wconf 95' lang='grc'>1</span> <span class='ocrx_word' id='word_1_18' title='bbox 669 583 702 638; x_wconf 88' lang='grc'>51</span> <span class='ocrx_word' id='word_1_19' title='bbox 716 574 784 638; x_wconf 91' lang='lat' dir='ltr'>suis</span> <span class='ocrx_word' id='word_1_20' title='bbox 808 574 990 659; x_wconf 72' lang='lat' dir='ltr'>praeceptis</span> <span class='ocrx_word' id='word_1_21' title='bbox 1014 584 1046 638; x_wconf 88' lang='lat' dir='ltr'>et</span> <span class='ocrx_word' id='word_1_22' title='bbox 1068 574 1177 639; x_wconf 87' lang='lat' dir='ltr'>etiam.</span> 
     </span>
    </p>
   </div>
   <div class='ocr_carea' id='block_1_3' title="bbox 181 673 1373 759">
    <p class='ocr_par' dir='ltr' id='par_1_3' title="bbox 181 673 1373 759">
     <span class='ocr_line' id='line_1_4' title="bbox 181 673 1373 759; baseline -0.003 -17"><span class='ocrx_word' id='word_1_23' title='bbox 181 676 274 742; x_wconf 89' lang='lat' dir='ltr'>Aber</span> <span class='ocrx_word' id='word_1_24' title='bbox 289 673 411 740; x_wconf 89' lang='lat' dir='ltr'>Stellen</span> <span class='ocrx_word' id='word_1_25' title='bbox 430 674 490 739; x_wconf 90' lang='lat' dir='ltr'>mit</span> <span class='ocrx_word' id='word_1_26' title='bbox 504 678 599 740; x_wconf 79' lang='lat' dir='ltr'>etiam</span> <span class='ocrx_word' id='word_1_27' title='bbox 621 680 657 753; x_wconf 84' lang='grc'>51,</span> <span class='ocrx_word' id='word_1_28' title='bbox 681 675 742 738; x_wconf 87' lang='lat' dir='ltr'>wie</span> <span class='ocrx_word' id='word_1_29' title='bbox 758 677 805 739; x_wconf 87' lang='lat' dir='ltr'>sie</span> <span class='ocrx_word' id='word_1_30' title='bbox 821 674 921 740; x_wconf 83' lang='lat' dir='ltr'><strong>Hand</strong></span> <span class='ocrx_word' id='word_1_31' title='bbox 936 675 965 759; x_wconf 90' lang='grc'><strong>2,</strong></span> <span class='ocrx_word' id='word_1_32' title='bbox 988 675 1050 740; x_wconf 89' lang='grc'>523</span> <span class='ocrx_word' id='word_1_33' title='bbox 1062 697 1120 740; x_wconf 87' lang='lat' dir='ltr'>aus</span> <span class='ocrx_word' id='word_1_34' title='bbox 1135 674 1242 740; x_wconf 90' lang='lat' dir='ltr'>Plaut.</span> <span class='ocrx_word' id='word_1_35' title='bbox 1366 740 1373 753; x_wconf 65' lang='grc'><strong>,</strong></span> 
     </span>
    </p>
   </div>
   <div class='ocr_carea' id='block_1_4' title="bbox 89 774 1304 4012">
    <p class='ocr_par' dir='ltr' id='par_1_4' title="bbox 91 774 1304 1167">
     <span class='ocr_line' id='line_1_5' title="bbox 93 774 1304 864; baseline -0.002 -22"><span class='ocrx_word' id='word_1_36' title='bbox 93 779 162 843; x_wconf 92' lang='lat' dir='ltr'>und</span> <span class='ocrx_word' id='word_1_37' title='bbox 192 778 266 841; x_wconf 90' lang='lat' dir='ltr'>dem</span> <span class='ocrx_word' id='word_1_38' title='bbox 292 779 387 864; x_wconf 81' lang='lat' dir='ltr'>jling.</span> <span class='ocrx_word' id='word_1_39' title='bbox 417 775 543 840; x_wconf 87' lang='lat' dir='ltr'>Plinius</span> <span class='ocrx_word' id='word_1_40' title='bbox 577 776 682 859; x_wconf 85' lang='lat' dir='ltr'>citirt‚</span> <span class='ocrx_word' id='word_1_41' title='bbox 715 774 807 861; x_wconf 88' lang='lat' dir='ltr'>giebt</span> <span class='ocrx_word' id='word_1_42' title='bbox 830 797 864 840; x_wconf 84' lang='lat' dir='ltr'>es</span> <span class='ocrx_word' id='word_1_43' title='bbox 894 776 993 841; x_wconf 91' lang='lat' dir='ltr'>nicht.</span> <span class='ocrx_word' id='word_1_44' title='bbox 1042 775 1173 841; x_wconf 85' lang='lat' dir='ltr'>Anders</span> <span class='ocrx_word' id='word_1_45' title='bbox 1200 779 1244 841; x_wconf 91' lang='lat' dir='ltr'>ist</span> <span class='ocrx_word' id='word_1_46' title='bbox 1301 858 1304 864; x_wconf 23' lang='lat'><strong>¹</strong></span> 
     </span>
     <span class='ocr_line' id='line_1_6' title="bbox 91 875 1241 965; baseline -0.001 -22"><span class='ocrx_word' id='word_1_47' title='bbox 91 879 261 965; x_wconf 79' lang='lat' dir='ltr'>Prop2,</span> <span class='ocrx_word' id='word_1_48' title='bbox 283 878 313 957; x_wconf 85' lang='lat'>9,</span> <span class='ocrx_word' id='word_1_49' title='bbox 339 879 378 942; x_wconf 90' lang='grc'>18</span> <span class='ocrx_word' id='word_1_50' title='bbox 399 887 477 942; x_wconf 84' lang='grc'><strong>1555</strong></span> <span class='ocrx_word' id='word_1_51' title='bbox 511 879 609 942; x_wconf 88' lang='lat' dir='ltr'>etiam</span> <span class='ocrx_word' id='word_1_52' title='bbox 641 875 724 942; x_wconf 84' lang='lat' dir='ltr'><strong>felix</strong></span> <span class='ocrx_word' id='word_1_53' title='bbox 757 879 843 942; x_wconf 89' lang='lat' dir='ltr'>inter</span> <span class='ocrx_word' id='word_1_54' title='bbox 876 886 909 942; x_wconf 90' lang='grc'>51</span> <span class='ocrx_word' id='word_1_55' title='bbox 937 900 1027 943; x_wconf 84' lang='lat' dir='ltr'>arma</span> <span class='ocrx_word' id='word_1_56' title='bbox 1050 877 1155 965; x_wconf 90' lang='lat' dir='ltr'>pudor</span> <span class='ocrx_word' id='word_1_57' title='bbox 1177 882 1241 964; x_wconf 79' lang='lat' dir='ltr'>(wo</span> 
     </span>
     <span class='ocr_line' id='line_1_7' title="bbox 94 977 1242 1063; baseline 0 -19"><span class='ocrx_word' id='word_1_58' title='bbox 94 980 286 1063; x_wconf 85' lang='lat' dir='ltr'>Hertzberg</span> <span class='ocrx_word' id='word_1_59' title='bbox 308 978 407 1043; x_wconf 88' lang='lat' dir='ltr'>lebrt:</span> <span class='ocrx_word' id='word_1_60' title='bbox 431 977 534 1045; x_wconf 86' lang='lat' dir='ltr'>altero</span> <span class='ocrx_word' id='word_1_61' title='bbox 556 981 651 1044; x_wconf 78' lang='lat' dir='ltr'>ctiam</span> <span class='ocrx_word' id='word_1_62' title='bbox 679 980 765 1044; x_wconf 88' lang='lat' dir='ltr'>neoti</span> <span class='ocrx_word' id='word_1_63' title='bbox 788 981 967 1060; x_wconf 86' lang='lat' dir='ltr'>enuntiata,</span> <span class='ocrx_word' id='word_1_64' title='bbox 990 979 1092 1044; x_wconf 87' lang='lat' dir='ltr'>altero</span> <span class='ocrx_word' id='word_1_65' title='bbox 1117 986 1146 1046; x_wconf 77' lang='lat' dir='ltr'>ct</span> <span class='ocrx_word' id='word_1_66' title='bbox 1171 1001 1242 1045; x_wconf 88' lang='lat' dir='ltr'>sen·</span> 
     </span>
     <span class='ocr_line' id='line_1_8' title="bbox 97 1080 880 1167; baseline -0.004 -21"><span class='ocrx_word' id='word_1_67' title='bbox 97 1084 221 1146; x_wconf 78' lang='lat' dir='ltr'>tentiae</span> <span class='ocrx_word' id='word_1_68' title='bbox 240 1082 306 1144; x_wconf 89' lang='lat' dir='ltr'>vim</span> <span class='ocrx_word' id='word_1_69' title='bbox 329 1080 364 1143; x_wconf 94' lang='lat' dir='ltr'>in</span> <span class='ocrx_word' id='word_1_70' title='bbox 380 1101 460 1145; x_wconf 90' lang='lat' dir='ltr'>voce</span> <span class='ocrx_word' id='word_1_71' title='bbox 475 1102 570 1146; x_wconf 83' lang='lat' dir='ltr'>arma</span> <span class='ocrx_word' id='word_1_72' title='bbox 585 1082 723 1167; x_wconf 80' lang='lat' dir='ltr'><strong>positam</strong></span> <span class='ocrx_word' id='word_1_73' title='bbox 741 1081 880 1165; x_wconf 81' lang='lat' dir='ltr'>augeri).</span> 
     </span>
    </p>

    <p class='ocr_par' dir='ltr' id='par_1_5' title="bbox 91 1146 1244 3603">
     <span class='ocr_line' id='line_1_9' title="bbox 178 1146 1244 1264; baseline 0.004 -20"><span class='ocrx_word' id='word_1_74' title='bbox 178 1182 211 1245; x_wconf 90' lang='grc'>2.</span> <span class='ocrx_word' id='word_1_75' title='bbox 239 1179 320 1245; x_wconf 78' lang='lat' dir='ltr'>Et-</span> <span class='ocrx_word' id='word_1_76' title='bbox 287 1202 449 1264; x_wconf 78' lang='lat' dir='ltr'>—quoquc</span> <span class='ocrx_word' id='word_1_77' title='bbox 476 1180 598 1246; x_wconf 84' lang='lat' dir='ltr'>fehlt&#39;</span> <span class='ocrx_word' id='word_1_78' title='bbox 589 1205 623 1246; x_wconf 92' lang='lat' dir='ltr'>1n</span> <span class='ocrx_word' id='word_1_79' title='bbox 652 1182 710 1247; x_wconf 90' lang='lat' dir='ltr'>der</span> <span class='ocrx_word' id='word_1_80' title='bbox 736 1180 994 1261; x_wconf 77' lang='lat' dir='ltr'>archaistispban</span> <span class='ocrx_word' id='word_1_81' title='bbox 1016 1146 1154 1246; x_wconf 81' lang='lat' dir='ltr'>Poriode</span> <span class='ocrx_word' id='word_1_82' title='bbox 1177 1183 1244 1248; x_wconf 90' lang='lat' dir='ltr'>und</span> 
     </span>
     <span class='ocr_line' id='line_1_10' title="bbox 93 1281 1241 1349; baseline -0.002 -1"><span class='ocrx_word' id='word_1_83' title='bbox 93 1283 178 1348; x_wconf 85' lang='lat' dir='ltr'>wird</span> <span class='ocrx_word' id='word_1_84' title='bbox 210 1305 268 1348; x_wconf 87' lang='lat' dir='ltr'>aus</span> <span class='ocrx_word' id='word_1_85' title='bbox 303 1281 362 1346; x_wconf 91' lang='lat' dir='ltr'>der</span> <span class='ocrx_word' id='word_1_86' title='bbox 394 1282 600 1347; x_wconf 75' lang='lat' dir='ltr'>lrlassischen</span> <span class='ocrx_word' id='word_1_87' title='bbox 628 1284 703 1348; x_wconf 90' lang='lat' dir='ltr'>Zeit</span> <span class='ocrx_word' id='word_1_88' title='bbox 733 1305 795 1347; x_wconf 88' lang='lat' dir='ltr'>nur</span> <span class='ocrx_word' id='word_1_89' title='bbox 828 1285 909 1349; x_wconf 79' lang='lat' dir='ltr'>awai</span> <span class='ocrx_word' id='word_1_90' title='bbox 932 1283 999 1348; x_wconf 90' lang='lat' dir='ltr'>Mal</span> <span class='ocrx_word' id='word_1_91' title='bbox 1032 1281 1138 1349; x_wconf 88' lang='lat' dir='ltr'>citirt:</span> <span class='ocrx_word' id='word_1_92' title='bbox 1174 1284 1241 1348; x_wconf 75' lang='lat' dir='ltr'>Cic.</span> 
     </span>
     <span class='ocr_line' id='line_1_11' title="bbox 93 1383 1242 1472; baseline 0.002 -23"><span class='ocrx_word' id='word_1_93' title='bbox 93 1385 192 1449; x_wconf 86' lang='lat' dir='ltr'>Verr.</span> <span class='ocrx_word' id='word_1_94' title='bbox 216 1383 262 1467; x_wconf 88' lang='grc' dir='ltr'>ΙΙ,</span> <span class='ocrx_word' id='word_1_95' title='bbox 287 1387 304 1449; x_wconf 94' lang='grc'>1</span> <span class='ocrx_word' id='word_1_96' title='bbox 327 1387 357 1466; x_wconf 67' lang='grc' dir='ltr'>ξ.</span> <span class='ocrx_word' id='word_1_97' title='bbox 382 1386 419 1448; x_wconf 95' lang='grc'>11</span> <span class='ocrx_word' id='word_1_98' title='bbox 444 1395 539 1449; x_wconf 87' lang='lat' dir='ltr'>crunt</span> <span class='ocrx_word' id='word_1_99' title='bbox 566 1386 623 1472; x_wconf 91' lang='lat' dir='ltr'>qui</span> <span class='ocrx_word' id='word_1_100' title='bbox 653 1396 686 1450; x_wconf 92' lang='lat' dir='ltr'>et</span> <span class='ocrx_word' id='word_1_101' title='bbox 708 1386 741 1449; x_wconf 91' lang='lat' dir='ltr'>in</span> <span class='ocrx_word' id='word_1_102' title='bbox 764 1406 801 1450; x_wconf 90' lang='lat' dir='ltr'>eo</span> <span class='ocrx_word' id='word_1_103' title='bbox 823 1408 954 1472; x_wconf 90' lang='lat' dir='ltr'>quoque</span> <span class='ocrx_word' id='word_1_104' title='bbox 976 1384 1149 1450; x_wconf 89' lang='lat' dir='ltr'>audaciam</span> <span class='ocrx_word' id='word_1_105' title='bbox 1173 1387 1242 1451; x_wconf 89' lang='lat' dir='ltr'>eius</span> 
     </span>
     <span class='ocr_line' id='line_1_12' title="bbox 93 1484 1243 1573; baseline 0.002 -24"><span class='ocrx_word' id='word_1_106' title='bbox 93 1484 338 1573; x_wconf 80' lang='lat' dir='ltr'>reprehendant</span> <span class='ocrx_word' id='word_1_107' title='bbox 365 1485 445 1572; x_wconf 84' lang='grc'><strong>(1511</strong></span> <span class='ocrx_word' id='word_1_108' title='bbox 475 1484 679 1572; x_wconf 75' lang='lat' dir='ltr'>Wesenberg</span> <span class='ocrx_word' id='word_1_109' title='bbox 709 1489 770 1551; x_wconf 91' lang='lat' dir='ltr'>mit</span> <span class='ocrx_word' id='word_1_110' title='bbox 791 1487 897 1552; x_wconf 85' lang='lat' dir='ltr'>Recht</span> <span class='ocrx_word' id='word_1_111' title='bbox 918 1487 1149 1570; x_wconf 88' lang='lat' dir='ltr'>beanstandet,</span> <span class='ocrx_word' id='word_1_112' title='bbox 1177 1509 1243 1551; x_wconf 87' lang='lat' dir='ltr'>von</span> 
     </span>
     <span class='ocr_line' id='line_1_13' title="bbox 93 1585 1243 1671; baseline 0.001 -20"><span class='ocrx_word' id='word_1_113' title='bbox 93 1588 210 1651; x_wconf 80' lang='lat' dir='ltr'>Baiter</span> <span class='ocrx_word' id='word_1_114' title='bbox 233 1585 463 1669; x_wconf 89' lang='lat' dir='ltr'>beibebalten).</span> <span class='ocrx_word' id='word_1_115' title='bbox 509 1587 551 1652; x_wconf 90' lang='lat' dir='ltr'>de</span> <span class='ocrx_word' id='word_1_116' title='bbox 572 1586 693 1671; x_wconf 70' lang='grc'><strong>111152,</strong></span> <span class='ocrx_word' id='word_1_117' title='bbox 725 1590 773 1670; x_wconf 91' lang='grc'>16,</span> <span class='ocrx_word' id='word_1_118' title='bbox 794 1589 838 1653; x_wconf 93' lang='grc'>50</span> <span class='ocrx_word' id='word_1_119' title='bbox 865 1590 1010 1653; x_wconf 88' lang='lat' dir='ltr'>eiusdenr</span> <span class='ocrx_word' id='word_1_120' title='bbox 1033 1609 1106 1652; x_wconf 85' lang='lat' dir='ltr'>esse</span> <span class='ocrx_word' id='word_1_121' title='bbox 1128 1600 1161 1653; x_wconf 89' lang='lat' dir='ltr'>et</span> <span class='ocrx_word' id='word_1_122' title='bbox 1182 1589 1243 1652; x_wconf 89' lang='lat' dir='ltr'>hoo</span> 
     </span>
     <span class='ocr_line' id='line_1_14' title="bbox 94 1687 1242 1776; baseline 0.005 -26"><span class='ocrx_word' id='word_1_123' title='bbox 94 1709 226 1776; x_wconf 88' lang='lat' dir='ltr'>quoque</span> <span class='ocrx_word' id='word_1_124' title='bbox 248 1687 418 1753; x_wconf 85' lang='lat' dir='ltr'>admisisse</span> <span class='ocrx_word' id='word_1_125' title='bbox 434 1688 591 1772; x_wconf 82' lang='lat' dir='ltr'>(Lambin</span> <span class='ocrx_word' id='word_1_126' title='bbox 614 1689 768 1773; x_wconf 80' lang='lat' dir='ltr'>strichet,</span> <span class='ocrx_word' id='word_1_127' title='bbox 790 1690 902 1753; x_wconf 89' lang='lat' dir='ltr'>Baiter</span> <span class='ocrx_word' id='word_1_128' title='bbox 916 1687 1092 1756; x_wconf 82' lang='lat' dir='ltr'>hlammert</span> <span class='ocrx_word' id='word_1_129' title='bbox 1115 1713 1149 1756; x_wconf 91' lang='lat' dir='ltr'>es</span> <span class='ocrx_word' id='word_1_130' title='bbox 1165 1692 1242 1776; x_wconf 88' lang='lat' dir='ltr'>ein).</span> 
     </span>
     <span class='ocr_line' id='line_1_15' title="bbox 96 1787 1243 1877; baseline 0.002 -24"><span class='ocrx_word' id='word_1_131' title='bbox 96 1789 157 1854; x_wconf 91' lang='lat' dir='ltr'>Bei</span> <span class='ocrx_word' id='word_1_132' title='bbox 180 1790 303 1855; x_wconf 82' lang='lat' dir='ltr'>Caesar</span> <span class='ocrx_word' id='word_1_133' title='bbox 324 1789 391 1854; x_wconf 93' lang='lat' dir='ltr'>und</span> <span class='ocrx_word' id='word_1_134' title='bbox 408 1787 532 1854; x_wconf 84' lang='lat' dir='ltr'>Sallust</span> <span class='ocrx_word' id='word_1_135' title='bbox 552 1789 655 1855; x_wconf 89' lang='lat' dir='ltr'>findet</span> <span class='ocrx_word' id='word_1_136' title='bbox 676 1791 745 1856; x_wconf 91' lang='lat' dir='ltr'>sich</span> <span class='ocrx_word' id='word_1_137' title='bbox 769 1792 865 1856; x_wconf 88' lang='lat' dir='ltr'>keine</span> <span class='ocrx_word' id='word_1_138' title='bbox 881 1790 967 1877; x_wconf 83' lang='lat' dir='ltr'>Spur</span> <span class='ocrx_word' id='word_1_139' title='bbox 989 1790 1110 1859; x_wconf 85' lang='lat' dir='ltr'>daven.</span> <span class='ocrx_word' id='word_1_140' title='bbox 1147 1792 1243 1858; x_wconf 83' lang='lat' dir='ltr'>Auclr</span> 
     </span>
     <span class='ocr_line' id='line_1_16' title="bbox 97 1890 1242 1959; baseline 0.002 -2"><span class='ocrx_word' id='word_1_141' title='bbox 97 1892 153 1957; x_wconf 93' lang='lat' dir='ltr'>bei</span> <span class='ocrx_word' id='word_1_142' title='bbox 176 1891 320 1956; x_wconf 81' lang='lat' dir='ltr'>Livius</span> <span class='ocrx_word' id='word_1_143' title='bbox 347 1891 432 1958; x_wconf 92' lang='lat' dir='ltr'>nocb</span> <span class='ocrx_word' id='word_1_144' title='bbox 462 1890 611 1957; x_wconf 84' lang='lat' dir='ltr'>ziemlioh</span> <span class='ocrx_word' id='word_1_145' title='bbox 640 1890 743 1957; x_wconf 86' lang='lat' dir='ltr'>selten</span> <span class='ocrx_word' id='word_1_146' title='bbox 773 1894 840 1958; x_wconf 93' lang='lat' dir='ltr'>und</span> <span class='ocrx_word' id='word_1_147' title='bbox 867 1915 957 1957; x_wconf 85' lang='lat' dir='ltr'>zwar</span> <span class='ocrx_word' id='word_1_148' title='bbox 978 1896 1013 1958; x_wconf 93' lang='lat' dir='ltr'>in</span> <span class='ocrx_word' id='word_1_149' title='bbox 1035 1893 1095 1958; x_wconf 92' lang='lat' dir='ltr'>der</span> <span class='ocrx_word' id='word_1_150' title='bbox 1116 1894 1242 1959; x_wconf 88' lang='lat' dir='ltr'>Beden-</span> 
     </span>
     <span class='ocr_line' id='line_1_17' title="bbox 93 1993 1243 2082; baseline 0.002 -25"><span class='ocrx_word' id='word_1_151' title='bbox 93 2004 178 2078; x_wconf 88' lang='lat' dir='ltr'>tung</span> <span class='ocrx_word' id='word_1_152' title='bbox 204 1993 295 2076; x_wconf 84' lang='lat' dir='ltr'>„und</span> <span class='ocrx_word' id='word_1_153' title='bbox 324 1993 443 2057; x_wconf 90' lang='lat' dir='ltr'>auch“.</span> <span class='ocrx_word' id='word_1_154' title='bbox 487 1993 540 2076; x_wconf 84' lang='lat'>26,</span> <span class='ocrx_word' id='word_1_155' title='bbox 562 1994 616 2076; x_wconf 83' lang='lat'>38,</span> <span class='ocrx_word' id='word_1_156' title='bbox 647 1996 720 2059; x_wconf 88' lang='grc'>751</span> <span class='ocrx_word' id='word_1_157' title='bbox 748 2004 816 2059; x_wconf 90' lang='lat' dir='ltr'>tum</span> <span class='ocrx_word' id='word_1_158' title='bbox 844 2017 971 2082; x_wconf 87' lang='lat' dir='ltr'>quoque</span> <span class='ocrx_word' id='word_1_159' title='bbox 999 1997 1102 2082; x_wconf 90' lang='lat' dir='ltr'>magis</span> <span class='ocrx_word' id='word_1_160' title='bbox 1131 1997 1243 2082; x_wconf 89' lang='lat' dir='ltr'>inopia</span> 
     </span>
     <span class='ocr_line' id='line_1_18' title="bbox 93 2094 1244 2183; baseline 0.001 -23"><span class='ocrx_word' id='word_1_161' title='bbox 93 2094 223 2160; x_wconf 91' lang='lat' dir='ltr'>consilii</span> <span class='ocrx_word' id='word_1_162' title='bbox 253 2095 389 2180; x_wconf 89' lang='lat' dir='ltr'>potioris</span> <span class='ocrx_word' id='word_1_163' title='bbox 413 2117 511 2181; x_wconf 88' lang='lat' dir='ltr'>quam</span> <span class='ocrx_word' id='word_1_164' title='bbox 540 2117 598 2183; x_wconf 86' lang='lat' dir='ltr'>spe</span> <span class='ocrx_word' id='word_1_165' title='bbox 625 2095 766 2161; x_wconf 85' lang='lat' dir='ltr'>effectus.</span> <span class='ocrx_word' id='word_1_166' title='bbox 811 2097 864 2179; x_wconf 89' lang='grc'>33,</span> <span class='ocrx_word' id='word_1_167' title='bbox 888 2097 940 2179; x_wconf 92' lang='grc'>34,</span> <span class='ocrx_word' id='word_1_168' title='bbox 963 2098 983 2161; x_wconf 93' lang='grc'>6</span> <span class='ocrx_word' id='word_1_169' title='bbox 1006 2098 1185 2163; x_wconf 85' lang='lat' dir='ltr'>Perrhaebi</span> <span class='ocrx_word' id='word_1_170' title='bbox 1211 2108 1244 2162; x_wconf 91' lang='lat' dir='ltr'>et</span> 
     </span>
     <span class='ocr_line' id='line_1_19' title="bbox 94 2193 1242 2286; baseline 0.003 -28"><span class='ocrx_word' id='word_1_171' title='bbox 94 2193 241 2282; x_wconf 89' lang='lat' dir='ltr'>Dolopes</span> <span class='ocrx_word' id='word_1_172' title='bbox 263 2218 391 2284; x_wconf 91' lang='lat' dir='ltr'>quoque</span> <span class='ocrx_word' id='word_1_173' title='bbox 414 2196 507 2262; x_wconf 89' lang='lat' dir='ltr'>liben&#39;</span> <span class='ocrx_word' id='word_1_174' title='bbox 531 2198 732 2283; x_wconf 88' lang='lat' dir='ltr'>pronuntiati</span> <span class='ocrx_word' id='word_1_175' title='bbox 755 2197 940 2281; x_wconf 88' lang='lat' dir='ltr'>(unsichere</span> <span class='ocrx_word' id='word_1_176' title='bbox 961 2199 1105 2286; x_wconf 85' lang='lat' dir='ltr'>Lesart).</span> <span class='ocrx_word' id='word_1_177' title='bbox 1135 2200 1187 2282; x_wconf 84' lang='lat'>34,</span> <span class='ocrx_word' id='word_1_178' title='bbox 1211 2199 1242 2280; x_wconf 88' lang='grc'>2,</span> 
     </span>
     <span class='ocr_line' id='line_1_20' title="bbox 97 2298 1243 2387; baseline 0.005 -28"><span class='ocrx_word' id='word_1_179' title='bbox 97 2299 131 2359; x_wconf 91' lang='grc'>11</span> <span class='ocrx_word' id='word_1_180' title='bbox 154 2318 258 2385; x_wconf 88' lang='lat' dir='ltr'>remp.</span> <span class='ocrx_word' id='word_1_181' title='bbox 281 2319 450 2384; x_wconf 86' lang='lat' dir='ltr'>capessere</span> <span class='ocrx_word' id='word_1_182' title='bbox 466 2320 521 2364; x_wconf 88' lang='lat' dir='ltr'>eas</span> <span class='ocrx_word' id='word_1_183' title='bbox 537 2298 680 2386; x_wconf 89' lang='lat' dir='ltr'>patimur</span> <span class='ocrx_word' id='word_1_184' title='bbox 695 2308 727 2363; x_wconf 90' lang='lat' dir='ltr'>et</span> <span class='ocrx_word' id='word_1_185' title='bbox 742 2300 813 2366; x_wconf 85' lang='lat' dir='ltr'>foro</span> <span class='ocrx_word' id='word_1_186' title='bbox 831 2322 959 2387; x_wconf 90' lang='lat' dir='ltr'>quoque</span> <span class='ocrx_word' id='word_1_187' title='bbox 981 2310 1014 2365; x_wconf 89' lang='lat' dir='ltr'>et</span> <span class='ocrx_word' id='word_1_188' title='bbox 1035 2300 1243 2366; x_wconf 90' lang='lat' dir='ltr'>contionibus</span> 
     </span>
     <span class='ocr_line' id='line_1_21' title="bbox 95 2398 1241 2489; baseline 0.003 -29"><span class='ocrx_word' id='word_1_189' title='bbox 95 2435 135 2445; x_wconf 90' lang='lat'><em>—</em></span> <span class='ocrx_word' id='word_1_190' title='bbox 160 2398 346 2464; x_wconf 87' lang='lat' dir='ltr'>immisceri.</span> <span class='ocrx_word' id='word_1_191' title='bbox 376 2401 430 2483; x_wconf 88' lang='grc'>35,</span> <span class='ocrx_word' id='word_1_192' title='bbox 446 2400 498 2482; x_wconf 91' lang='grc'><strong>29,</strong></span> <span class='ocrx_word' id='word_1_193' title='bbox 523 2403 541 2465; x_wconf 91' lang='grc'><strong>7</strong></span> <span class='ocrx_word' id='word_1_194' title='bbox 558 2410 590 2465; x_wconf 90' lang='grc'>51</span> <span class='ocrx_word' id='word_1_195' title='bbox 604 2401 638 2464; x_wconf 92' lang='lat' dir='ltr'>in</span> <span class='ocrx_word' id='word_1_196' title='bbox 657 2401 773 2465; x_wconf 88' lang='lat' dir='ltr'>castris</span> <span class='ocrx_word' id='word_1_197' title='bbox 788 2424 917 2489; x_wconf 89' lang='lat' dir='ltr'>quoque</span> <span class='ocrx_word' id='word_1_198' title='bbox 932 2402 1018 2467; x_wconf 86' lang='lat' dir='ltr'>foret</span> <span class='ocrx_word' id='word_1_199' title='bbox 1032 2402 1241 2488; x_wconf 89' lang='lat' dir='ltr'>trepidatum,</span> 
     </span>
     <span class='ocr_line' id='line_1_22' title="bbox 94 2500 1243 2590; baseline 0.003 -28"><span class='ocrx_word' id='word_1_200' title='bbox 94 2502 140 2563; x_wconf 90' lang='lat' dir='ltr'>ni.</span> <span class='ocrx_word' id='word_1_201' title='bbox 169 2501 222 2582; x_wconf 89' lang='grc'>37,</span> <span class='ocrx_word' id='word_1_202' title='bbox 247 2501 276 2578; x_wconf 94' lang='grc'>7,</span> <span class='ocrx_word' id='word_1_203' title='bbox 299 2502 319 2565; x_wconf 87' lang='grc'>3</span> <span class='ocrx_word' id='word_1_204' title='bbox 341 2500 423 2566; x_wconf 89' lang='lat' dir='ltr'>nihil</span> <span class='ocrx_word' id='word_1_205' title='bbox 445 2503 655 2588; x_wconf 87' lang='lat' dir='ltr'>impetratum</span> <span class='ocrx_word' id='word_1_206' title='bbox 677 2539 718 2550; x_wconf 90' lang='lat'><em>-</em></span> <span class='ocrx_word' id='word_1_207' title='bbox 741 2513 774 2568; x_wconf 94' lang='lat' dir='ltr'>et</span> <span class='ocrx_word' id='word_1_208' title='bbox 797 2525 835 2567; x_wconf 91' lang='lat' dir='ltr'>ea</span> <span class='ocrx_word' id='word_1_209' title='bbox 857 2524 984 2590; x_wconf 79' lang='lat' dir='ltr'>quoque</span> <span class='ocrx_word' id='word_1_210' title='bbox 1007 2505 1100 2568; x_wconf 87' lang='lat' dir='ltr'>irrita</span> <span class='ocrx_word' id='word_1_211' title='bbox 1122 2502 1243 2588; x_wconf 91' lang='lat' dir='ltr'>legatio</span> 
     </span>
     <span class='ocr_line' id='line_1_23' title="bbox 94 2602 1243 2685; baseline 0.003 -20"><span class='ocrx_word' id='word_1_212' title='bbox 94 2602 231 2666; x_wconf 87' lang='lat' dir='ltr'>dimissa</span> <span class='ocrx_word' id='word_1_213' title='bbox 252 2613 313 2667; x_wconf 86' lang='lat' dir='ltr'>eat.</span> <span class='ocrx_word' id='word_1_214' title='bbox 358 2603 409 2685; x_wconf 89' lang='grc'>37,</span> <span class='ocrx_word' id='word_1_215' title='bbox 431 2605 483 2684; x_wconf 90' lang='grc'>31,</span> <span class='ocrx_word' id='word_1_216' title='bbox 506 2605 527 2667; x_wconf 88' lang='grc'><strong>2</strong></span> <span class='ocrx_word' id='word_1_217' title='bbox 549 2603 753 2669; x_wconf 79' lang='lat' dir='ltr'>obsidionem</span> <span class='ocrx_word' id='word_1_218' title='bbox 775 2641 817 2652; x_wconf 90' lang='lat'>-</span> <span class='ocrx_word' id='word_1_219' title='bbox 839 2602 977 2669; x_wconf 88' lang='lat' dir='ltr'>tolerare</span> <span class='ocrx_word' id='word_1_220' title='bbox 1000 2615 1033 2669; x_wconf 91' lang='lat' dir='ltr'>et</span> <span class='ocrx_word' id='word_1_221' title='bbox 1055 2603 1243 2670; x_wconf 85' lang='lat' dir='ltr'>obsidentes</span> 
     </span>
     <span class='ocr_line' id='line_1_24' title="bbox 96 2702 1242 2792; baseline 0.001 -25"><span class='ocrx_word' id='word_1_222' title='bbox 96 2725 225 2790; x_wconf 87' lang='lat' dir='ltr'>quoqne</span> <span class='ocrx_word' id='word_1_223' title='bbox 249 2703 291 2769; x_wconf 91' lang='lat' dir='ltr'>ad</span> <span class='ocrx_word' id='word_1_224' title='bbox 315 2702 462 2768; x_wconf 90' lang='lat' dir='ltr'>ultimam</span> <span class='ocrx_word' id='word_1_225' title='bbox 482 2706 626 2792; x_wconf 90' lang='lat' dir='ltr'>inopiam</span> <span class='ocrx_word' id='word_1_226' title='bbox 644 2705 817 2770; x_wconf 89' lang='lat' dir='ltr'>adducere.</span> <span class='ocrx_word' id='word_1_227' title='bbox 847 2705 990 2791; x_wconf 89' lang='lat' dir='ltr'>perioch.</span> <span class='ocrx_word' id='word_1_228' title='bbox 1015 2706 1056 2770; x_wconf 89' lang='grc'>82</span> <span class='ocrx_word' id='word_1_229' title='bbox 1079 2715 1111 2770; x_wconf 88' lang='grc'>51</span> <span class='ocrx_word' id='word_1_230' title='bbox 1126 2707 1242 2769; x_wconf 87' lang='lat' dir='ltr'>castris</span> 
     </span>
     <span class='ocr_line' id='line_1_25' title="bbox 95 2805 1244 2892; baseline 0.003 -23"><span class='ocrx_word' id='word_1_231' title='bbox 95 2828 151 2891; x_wconf 92' lang='lat' dir='ltr'>qu.</span> <span class='ocrx_word' id='word_1_232' title='bbox 181 2806 390 2892; x_wconf 83' lang='lat' dir='ltr'>expugnatis.</span> <span class='ocrx_word' id='word_1_233' title='bbox 435 2806 527 2871; x_wconf 90' lang='lat' dir='ltr'>Aber</span> <span class='ocrx_word' id='word_1_234' title='bbox 554 2805 749 2892; x_wconf 82' lang='lat' dir='ltr'>verdaehtig</span> <span class='ocrx_word' id='word_1_235' title='bbox 776 2808 820 2870; x_wconf 89' lang='lat' dir='ltr'>ist</span> <span class='ocrx_word' id='word_1_236' title='bbox 846 2807 973 2889; x_wconf 86' lang='grc'><strong>30,10,</strong></span> <span class='ocrx_word' id='word_1_237' title='bbox 1000 2808 1038 2871; x_wconf 91' lang='grc'>15</span> <span class='ocrx_word' id='word_1_238' title='bbox 1066 2806 1183 2871; x_wconf 91' lang='lat' dir='ltr'>deinde</span> <span class='ocrx_word' id='word_1_239' title='bbox 1211 2817 1244 2872; x_wconf 90' lang='lat' dir='ltr'>et</span> 
     </span>
     <span class='ocr_line' id='line_1_26' title="bbox 93 2905 1244 2995; baseline 0.002 -25"><span class='ocrx_word' id='word_1_240' title='bbox 93 2907 396 2994; x_wconf 86' lang='lat' dir='ltr'>propugnatoribus</span> <span class='ocrx_word' id='word_1_241' title='bbox 420 2930 547 2994; x_wconf 88' lang='lat' dir='ltr'>quoque</span> <span class='ocrx_word' id='word_1_242' title='bbox 570 2907 794 2972; x_wconf 85' lang='lat' dir='ltr'>incommodae</span> <span class='ocrx_word' id='word_1_243' title='bbox 817 2918 908 2972; x_wconf 89' lang='lat' dir='ltr'>erant</span> <span class='ocrx_word' id='word_1_244' title='bbox 929 2907 993 2995; x_wconf 84' lang='lat' dir='ltr'>(wo</span> <span class='ocrx_word' id='word_1_245' title='bbox 1015 2905 1162 2992; x_wconf 86' lang='lat' dir='ltr'>Madwig</span> <span class='ocrx_word' id='word_1_246' title='bbox 1184 2910 1244 2972; x_wconf 93' lang='lat' dir='ltr'>mit</span> 
     </span>
     <span class='ocr_line' id='line_1_27' title="bbox 95 3008 1242 3095; baseline 0.001 -23"><span class='ocrx_word' id='word_1_247' title='bbox 95 3008 203 3073; x_wconf 86' lang='lat' dir='ltr'>Recht</span> <span class='ocrx_word' id='word_1_248' title='bbox 224 3013 253 3072; x_wconf 81' lang='lat' dir='ltr'>ct</span> <span class='ocrx_word' id='word_1_249' title='bbox 274 3008 425 3092; x_wconf 88' lang='lat' dir='ltr'>streicbt,</span> <span class='ocrx_word' id='word_1_250' title='bbox 456 3009 530 3074; x_wconf 86' lang='lat' dir='ltr'>weil</span> <span class='ocrx_word' id='word_1_251' title='bbox 553 3033 587 3074; x_wconf 85' lang='lat' dir='ltr'>es</span> <span class='ocrx_word' id='word_1_252' title='bbox 610 3010 701 3074; x_wconf 90' lang='lat' dir='ltr'>nieht</span> <span class='ocrx_word' id='word_1_253' title='bbox 723 3010 785 3074; x_wconf 86' lang='lat' dir='ltr'>wie</span> <span class='ocrx_word' id='word_1_254' title='bbox 806 3011 841 3073; x_wconf 92' lang='lat' dir='ltr'>in</span> <span class='ocrx_word' id='word_1_255' title='bbox 864 3009 927 3074; x_wconf 92' lang='lat' dir='ltr'>den</span> <span class='ocrx_word' id='word_1_256' title='bbox 949 3011 1085 3095; x_wconf 88' lang='lat' dir='ltr'>vorigen</span> <span class='ocrx_word' id='word_1_257' title='bbox 1108 3008 1242 3092; x_wconf 88' lang='lat' dir='ltr'>Stellen,</span> 
     </span>
     <span class='ocr_line' id='line_1_28' title="bbox 93 3108 1243 3196; baseline 0.002 -23"><span class='ocrx_word' id='word_1_258' title='bbox 93 3109 176 3174; x_wconf 89' lang='lat' dir='ltr'>und</span> <span class='ocrx_word' id='word_1_259' title='bbox 198 3108 376 3192; x_wconf 87' lang='lat' dir='ltr'>bedentet).</span> <span class='ocrx_word' id='word_1_260' title='bbox 422 3109 542 3176; x_wconf 81' lang='lat' dir='ltr'>Falsch</span> <span class='ocrx_word' id='word_1_261' title='bbox 563 3110 765 3196; x_wconf 87' lang='lat' dir='ltr'>angebracht</span> <span class='ocrx_word' id='word_1_262' title='bbox 779 3111 852 3176; x_wconf 92' lang='lat' dir='ltr'>sind</span> <span class='ocrx_word' id='word_1_263' title='bbox 868 3110 1022 3196; x_wconf 90' lang='lat' dir='ltr'>folgende</span> <span class='ocrx_word' id='word_1_264' title='bbox 1038 3112 1119 3176; x_wconf 84' lang='lat' dir='ltr'>zwei</span> <span class='ocrx_word' id='word_1_265' title='bbox 1135 3112 1243 3176; x_wconf 80' lang='lat' dir='ltr'>Citate</span> 
     </span>
     <span class='ocr_line' id='line_1_29' title="bbox 94 3211 1243 3298; baseline 0.001 -24"><span class='ocrx_word' id='word_1_266' title='bbox 94 3211 149 3274; x_wconf 90' lang='lat' dir='ltr'>bei</span> <span class='ocrx_word' id='word_1_267' title='bbox 173 3211 271 3275; x_wconf 89' lang='lat' dir='ltr'>Hand</span> <span class='ocrx_word' id='word_1_268' title='bbox 294 3213 393 3277; x_wconf 81' lang='lat' dir='ltr'>Ture.</span> <span class='ocrx_word' id='word_1_269' title='bbox 418 3212 449 3294; x_wconf 91' lang='grc'>2,</span> <span class='ocrx_word' id='word_1_270' title='bbox 471 3213 535 3277; x_wconf 89' lang='grc'>522</span> <span class='ocrx_word' id='word_1_271' title='bbox 556 3213 601 3298; x_wconf 84' lang='lat' dir='ltr'>fg.</span> <span class='ocrx_word' id='word_1_272' title='bbox 625 3214 677 3295; x_wconf 89' lang='grc'>41,</span> <span class='ocrx_word' id='word_1_273' title='bbox 701 3213 751 3294; x_wconf 91' lang='grc'>24,</span> <span class='ocrx_word' id='word_1_274' title='bbox 777 3213 816 3276; x_wconf 89' lang='grc'>16</span> <span class='ocrx_word' id='word_1_275' title='bbox 832 3223 1014 3277; x_wconf 87' lang='lat' dir='ltr'>nostrorum</span> <span class='ocrx_word' id='word_1_276' title='bbox 1038 3224 1070 3277; x_wconf 91' lang='lat' dir='ltr'>et</span> <span class='ocrx_word' id='word_1_277' title='bbox 1092 3235 1243 3298; x_wconf 70' lang='grc'><strong>5555115-</strong></span> 
     </span>
     <span class='ocr_line' id='line_1_30' title="bbox 92 3312 1239 3401; baseline 0.006 -26"><span class='ocrx_word' id='word_1_278' title='bbox 92 3334 159 3399; x_wconf 89' lang='lat' dir='ltr'>que</span> <span class='ocrx_word' id='word_1_279' title='bbox 182 3313 278 3396; x_wconf 80' lang='grc'><strong>(51511</strong></span> <span class='ocrx_word' id='word_1_280' title='bbox 299 3323 429 3379; x_wconf 89' lang='lat' dir='ltr'>nostros</span> <span class='ocrx_word' id='word_1_281' title='bbox 452 3336 576 3401; x_wconf 87' lang='lat' dir='ltr'>quoque</span> <span class='ocrx_word' id='word_1_282' title='bbox 600 3325 633 3380; x_wconf 92' lang='grc'>51</span> <span class='ocrx_word' id='word_1_283' title='bbox 653 3314 728 3399; x_wconf 90' lang='lat' dir='ltr'>nos)</span> <span class='ocrx_word' id='word_1_284' title='bbox 755 3312 823 3378; x_wconf 91' lang='lat' dir='ltr'>und</span> <span class='ocrx_word' id='word_1_285' title='bbox 844 3314 897 3397; x_wconf 92' lang='grc'>42,</span> <span class='ocrx_word' id='word_1_286' title='bbox 924 3316 971 3395; x_wconf 90' lang='grc'><strong>17,</strong></span> <span class='ocrx_word' id='word_1_287' title='bbox 994 3315 1015 3378; x_wconf 91' lang='grc'><strong>3</strong></span> <span class='ocrx_word' id='word_1_288' title='bbox 1037 3314 1239 3399; x_wconf 88' lang='lat' dir='ltr'>(Weissenb.</span> 
     </span>
     <span class='ocr_line' id='line_1_31' title="bbox 91 3415 1243 3502; baseline -0.001 -23"><span class='ocrx_word' id='word_1_289' title='bbox 91 3416 337 3501; x_wconf 84' lang='lat' dir='ltr'>interpungirt:</span> <span class='ocrx_word' id='word_1_290' title='bbox 367 3427 400 3481; x_wconf 92' lang='lat' dir='ltr'>et</span> <span class='ocrx_word' id='word_1_291' title='bbox 422 3416 519 3480; x_wconf 88' lang='lat' dir='ltr'>duces</span> <span class='ocrx_word' id='word_1_292' title='bbox 542 3416 706 3481; x_wconf 83' lang='lat' dir='ltr'>Romanos</span> <span class='ocrx_word' id='word_1_293' title='bbox 723 3437 833 3481; x_wconf 85' lang='lat' dir='ltr'>omnes</span> <span class='ocrx_word' id='word_1_294' title='bbox 851 3427 884 3482; x_wconf 91' lang='lat' dir='ltr'>et</span> <span class='ocrx_word' id='word_1_295' title='bbox 899 3415 1033 3502; x_wconf 87' lang='lat' dir='ltr'>legatos,</span> <span class='ocrx_word' id='word_1_296' title='bbox 1058 3427 1243 3481; x_wconf 83' lang='lat' dir='ltr'>exterarum</span> 
     </span>
     <span class='ocr_line' id='line_1_32' title="bbox 91 3518 577 3603; baseline -0.004 -20"><span class='ocrx_word' id='word_1_297' title='bbox 91 3540 227 3603; x_wconf 89' lang='lat' dir='ltr'>quoque</span> <span class='ocrx_word' id='word_1_298' title='bbox 242 3518 389 3602; x_wconf 89' lang='lat' dir='ltr'>gentium</span> <span class='ocrx_word' id='word_1_299' title='bbox 406 3518 577 3602; x_wconf 89' lang='lat' dir='ltr'>insignes).</span> 
     </span>
    </p>

    <p class='ocr_par' dir='ltr' id='par_1_6' title="bbox 180 3617 1242 3706">
     <span class='ocr_line' id='line_1_33' title="bbox 180 3617 1242 3706; baseline -0.001 -22"><span class='ocrx_word' id='word_1_300' title='bbox 180 3617 297 3684; x_wconf 80' lang='lat' dir='ltr'>Ovid.</span> <span class='ocrx_word' id='word_1_301' title='bbox 310 3617 378 3683; x_wconf 87' lang='lat' dir='ltr'>ber.</span> <span class='ocrx_word' id='word_1_302' title='bbox 395 3620 442 3699; x_wconf 87' lang='lat'>16,</span> <span class='ocrx_word' id='word_1_303' title='bbox 455 3618 687 3686; x_wconf 79' lang='lat' dir='ltr'>92additetad</span> <span class='ocrx_word' id='word_1_304' title='bbox 694 3619 794 3685; x_wconf 85' lang='lat' dir='ltr'>festos</span> <span class='ocrx_word' id='word_1_305' title='bbox 801 3621 887 3685; x_wconf 90' lang='lat' dir='ltr'>bunc</span> <span class='ocrx_word' id='word_1_306' title='bbox 899 3642 1027 3706; x_wconf 89' lang='lat' dir='ltr'>quoqne</span> <span class='ocrx_word' id='word_1_307' title='bbox 1035 3619 1134 3686; x_wconf 85' lang='lat' dir='ltr'>Troia</span> <span class='ocrx_word' id='word_1_308' title='bbox 1145 3618 1242 3684; x_wconf 89' lang='lat' dir='ltr'>diem.</span> 
     </span>
    </p>

    <p class='ocr_par' dir='ltr' id='par_1_7' title="bbox 89 3718 1245 3909">
     <span class='ocr_line' id='line_1_34' title="bbox 181 3718 1245 3808; baseline 0.001 -24"><span class='ocrx_word' id='word_1_309' title='bbox 181 3719 301 3785; x_wconf 88' lang='lat' dir='ltr'>Falsch</span> <span class='ocrx_word' id='word_1_310' title='bbox 324 3718 377 3784; x_wconf 89' lang='lat' dir='ltr'>bei</span> <span class='ocrx_word' id='word_1_311' title='bbox 400 3718 502 3785; x_wconf 92' lang='lat' dir='ltr'>Vell.</span> <span class='ocrx_word' id='word_1_312' title='bbox 528 3725 557 3802; x_wconf 89' lang='lat'>1,</span> <span class='ocrx_word' id='word_1_313' title='bbox 583 3722 633 3804; x_wconf 94' lang='grc'>17,</span> <span class='ocrx_word' id='word_1_314' title='bbox 656 3721 677 3784; x_wconf 92' lang='grc'><strong>2</strong></span> <span class='ocrx_word' id='word_1_315' title='bbox 698 3730 735 3784; x_wconf 88' lang='grc'>51</span> <span class='ocrx_word' id='word_1_316' title='bbox 764 3732 795 3787; x_wconf 87' lang='grc'>51</span> <span class='ocrx_word' id='word_1_317' title='bbox 815 3721 948 3786; x_wconf 86' lang='lat' dir='ltr'>Livium</span> <span class='ocrx_word' id='word_1_318' title='bbox 978 3743 1107 3808; x_wconf 90' lang='lat' dir='ltr'>qnoque</span> <span class='ocrx_word' id='word_1_319' title='bbox 1131 3722 1194 3805; x_wconf 89' lang='lat' dir='ltr'>(wo</span> <span class='ocrx_word' id='word_1_320' title='bbox 1217 3727 1245 3785; x_wconf 84' lang='lat' dir='ltr'>et</span> 
     </span>
     <span class='ocr_line' id='line_1_35' title="bbox 89 3821 411 3909; baseline 0 -22"><span class='ocrx_word' id='word_1_321' title='bbox 89 3821 284 3909; x_wconf 84' lang='lat' dir='ltr'>gestrichen</span> <span class='ocrx_word' id='word_1_322' title='bbox 306 3822 411 3907; x_wconf 86' lang='lat' dir='ltr'>wird).</span> 
     </span>
    </p>

    <p class='ocr_par' dir='ltr' id='par_1_8' title="bbox 181 3923 1242 4012">
     <span class='ocr_line' id='line_1_36' title="bbox 181 3923 1242 4012; baseline 0 -24"><span class='ocrx_word' id='word_1_323' title='bbox 181 3923 288 3988; x_wconf 83' lang='lat' dir='ltr'>Ourt.</span> <span class='ocrx_word' id='word_1_324' title='bbox 311 3924 343 4006; x_wconf 88' lang='lat'>4,</span> <span class='ocrx_word' id='word_1_325' title='bbox 365 3924 396 4003; x_wconf 90' lang='grc'>4,</span> <span class='ocrx_word' id='word_1_326' title='bbox 419 3924 440 3988; x_wconf 99' lang='grc'><strong>9</strong></span> <span class='ocrx_word' id='word_1_327' title='bbox 460 3946 562 3989; x_wconf 88' lang='lat' dir='ltr'>naves</span> <span class='ocrx_word' id='word_1_328' title='bbox 577 3926 812 4011; x_wconf 88' lang='lat' dir='ltr'>superveniunt</span> <span class='ocrx_word' id='word_1_329' title='bbox 835 3935 867 3988; x_wconf 91' lang='lat' dir='ltr'>et</span> <span class='ocrx_word' id='word_1_330' title='bbox 888 3948 946 3990; x_wconf 84' lang='lat' dir='ltr'>rex</span> <span class='ocrx_word' id='word_1_331' title='bbox 969 3947 1096 4012; x_wconf 89' lang='lat' dir='ltr'>quoque</span> <span class='ocrx_word' id='word_1_332' title='bbox 1118 3925 1242 3990; x_wconf 86' lang='lat' dir='ltr'>aderat.</span> 
     </span>
    </p>
   </div>
   <div class='ocr_carea' id='block_1_5' title="bbox 88 4025 1242 4215">
    <p class='ocr_par' dir='ltr' id='par_1_9' title="bbox 88 4025 1242 4215">
     <span class='ocr_line' id='line_1_37' title="bbox 88 4025 1242 4109; baseline -0.001 -17"><span class='ocrx_word' id='word_1_333' title='bbox 88 4028 123 4109; x_wconf 90' lang='grc'>6,</span> <span class='ocrx_word' id='word_1_334' title='bbox 152 4027 203 4109; x_wconf 90' lang='grc'>11,</span> <span class='ocrx_word' id='word_1_335' title='bbox 230 4025 277 4088; x_wconf 92' lang='grc'>10.</span> <span class='ocrx_word' id='word_1_336' title='bbox 309 4025 487 4106; x_wconf 90' lang='grc'><strong>9,10,10</strong></span> <span class='ocrx_word' id='word_1_337' title='bbox 521 4028 569 4105; x_wconf 88' lang='grc'>10,</span> <span class='ocrx_word' id='word_1_338' title='bbox 593 4028 622 4104; x_wconf 91' lang='grc'>7,</span> <span class='ocrx_word' id='word_1_339' title='bbox 651 4028 698 4091; x_wconf 91' lang='grc'>17.</span> <span class='ocrx_word' id='word_1_340' title='bbox 739 4025 851 4093; x_wconf 83' lang='grc'><strong>051151</strong></span> <span class='ocrx_word' id='word_1_341' title='bbox 874 4029 973 4092; x_wconf 91' lang='lat' dir='ltr'>nicht.</span> <span class='ocrx_word' id='word_1_342' title='bbox 1019 4029 1103 4092; x_wconf 86' lang='lat' dir='ltr'>Sen.</span> <span class='ocrx_word' id='word_1_343' title='bbox 1128 4029 1186 4092; x_wconf 85' lang='lat' dir='ltr'>vil.</span> <span class='ocrx_word' id='word_1_344' title='bbox 1211 4026 1242 4093; x_wconf 91' lang='lat' dir='ltr'>b</span> 
     </span>
     <span class='ocr_line' id='line_1_38' title="bbox 89 4126 614 4215; baseline 0 -23"><span class='ocrx_word' id='word_1_345' title='bbox 89 4130 122 4206; x_wconf 89' lang='grc'>6,</span> <span class='ocrx_word' id='word_1_346' title='bbox 152 4126 251 4190; x_wconf 90' lang='lat' dir='ltr'>lsed</span> <span class='ocrx_word' id='word_1_347' title='bbox 274 4137 307 4191; x_wconf 91' lang='lat' dir='ltr'>et</span> <span class='ocrx_word' id='word_1_348' title='bbox 328 4127 462 4191; x_wconf 87' lang='lat' dir='ltr'>animus</span> <span class='ocrx_word' id='word_1_349' title='bbox 477 4150 614 4215; x_wconf 90' lang='lat' dir='ltr'>quoque</span> 
     </span>
    </p>
   </div>
   <div class='ocr_carea' id='block_1_6' title="bbox 183 4226 1350 4317">
    <p class='ocr_par' dir='ltr' id='par_1_10' title="bbox 183 4226 1350 4317">
     <span class='ocr_line' id='line_1_39' title="bbox 183 4226 1350 4317; baseline 0.003 -26"><span class='ocrx_word' id='word_1_350' title='bbox 183 4226 340 4292; x_wconf 82' lang='lat' dir='ltr'>Plinh.</span> <span class='ocrx_word' id='word_1_351' title='bbox 369 4252 400 4291; x_wconf 93' lang='lat' dir='ltr'>n.</span> <span class='ocrx_word' id='word_1_352' title='bbox 423 4229 453 4312; x_wconf 92' lang='grc'><strong>2,</strong></span> <span class='ocrx_word' id='word_1_353' title='bbox 481 4230 675 4317; x_wconf 78' lang='grc'><strong>7(5)11555</strong></span> <span class='ocrx_word' id='word_1_354' title='bbox 709 4242 840 4317; x_wconf 89' lang='lat' dir='ltr'>gestant</span> <span class='ocrx_word' id='word_1_355' title='bbox 873 4239 906 4295; x_wconf 88' lang='grc'>51</span> <span class='ocrx_word' id='word_1_356' title='bbox 936 4240 1081 4295; x_wconf 85' lang='lat' dir='ltr'>monstra</span> <span class='ocrx_word' id='word_1_357' title='bbox 1113 4251 1242 4316; x_wconf 87' lang='lat' dir='ltr'>quoqne</span> <span class='ocrx_word' id='word_1_358' title='bbox 1340 4270 1350 4282; x_wconf 89' lang='lat'><strong>·</strong></span> 
     </span>
    </p>
   </div>
   <div class='ocr_carea' id='block_1_7' title="bbox 92 4329 1243 4520">
    <p class='ocr_par' dir='ltr' id='par_1_11' title="bbox 92 4329 1243 4520">
     <span class='ocr_line' id='line_1_40' title="bbox 92 4329 1243 4417; baseline 0 -21"><span class='ocrx_word' id='word_1_359' title='bbox 92 4329 221 4397; x_wconf 90' lang='lat' dir='ltr'>colunt.</span> <span class='ocrx_word' id='word_1_360' title='bbox 265 4330 295 4413; x_wconf 89' lang='lat'>8,</span> <span class='ocrx_word' id='word_1_361' title='bbox 321 4330 359 4393; x_wconf 93' lang='grc'>16</span> <span class='ocrx_word' id='word_1_362' title='bbox 382 4330 452 4416; x_wconf 91' lang='grc'><strong>(21)</strong></span> <span class='ocrx_word' id='word_1_363' title='bbox 476 4345 551 4397; x_wconf 91' lang='lat' dir='ltr'>sunt</span> <span class='ocrx_word' id='word_1_364' title='bbox 574 4355 651 4398; x_wconf 87' lang='lat' dir='ltr'>vero</span> <span class='ocrx_word' id='word_1_365' title='bbox 678 4343 711 4398; x_wconf 90' lang='lat' dir='ltr'>et</span> <span class='ocrx_word' id='word_1_366' title='bbox 739 4333 874 4398; x_wconf 86' lang='lat' dir='ltr'>fortuita</span> <span class='ocrx_word' id='word_1_367' title='bbox 896 4353 1006 4396; x_wconf 89' lang='lat' dir='ltr'>eorum</span> <span class='ocrx_word' id='word_1_368' title='bbox 1030 4353 1158 4417; x_wconf 92' lang='lat' dir='ltr'>quoque</span> <span class='ocrx_word' id='word_1_369' title='bbox 1180 4332 1243 4397; x_wconf 90' lang='lat' dir='ltr'>cle·</span> 
     </span>
     <span class='ocr_line' id='line_1_41' title="bbox 93 4431 424 4520; baseline -0.003 -23"><span class='ocrx_word' id='word_1_370' title='bbox 93 4431 243 4497; x_wconf 82' lang='lat' dir='ltr'>mantiae</span> <span class='ocrx_word' id='word_1_371' title='bbox 264 4433 424 4520; x_wconf 86' lang='lat' dir='ltr'>exempla.</span> 
     </span>
    </p>
   </div>
   <div class='ocr_carea' id='block_1_8' title="bbox 0 0 1478 4988">
    <p class='ocr_par' dir='ltr' id='par_1_12' title="bbox 0 0 1478 4988">
     <span class='ocr_line' id='line_1_42' title="bbox 0 0 1478 4988; baseline 0 0"><span class='ocrx_word' id='word_1_372' title='bbox 0 0 1478 4988; x_wconf 95' lang='lat' dir='ltr'> </span> 
     </span>
    </p>
   </div>
  </div>
 </body>
</html>
