<?xml version="1.0" encoding="UTF-8"?>
<!DOCTYPE html PUBLIC "-//W3C//DTD XHTML 1.0 Transitional//EN"
    "http://www.w3.org/TR/xhtml1/DTD/xhtml1-transitional.dtd">
<html xmlns="http://www.w3.org/1999/xhtml" xml:lang="en" lang="en">
 <head>
  <title>
</title>
<meta http-equiv="Content-Type" content="text/html;charset=utf-8" />
  <meta name='ocr-system' content='tesseract 3.04.00' />
  <meta name='ocr-capabilities' content='ocr_page ocr_carea ocr_par ocr_line ocrx_word'/>
</head>
<body>
  <div class='ocr_page' id='page_1' title='image "./historischesynt01draegoog/historischesynt01draegoog_0668.png"; bbox 0 0 2948 4988; ppageno 0'>
   <div class='ocr_carea' id='block_1_1' title="bbox 739 111 883 176">
    <p class='ocr_par' dir='ltr' id='par_1_1' title="bbox 661 111 883 176">
     <span class='ocr_line' id='line_1_1' title="bbox 739 111 883 176; baseline 0.014 -17.946"><span class='ocrx_word' id='word_1_1' title='bbox 739 111 801 176; x_wconf 80' lang='lat'>643</span> <span class='ocrx_word' id='word_1_2' title='bbox 848 150 883 160; x_wconf 87' lang='grc'>..</span> 
     </span>
    </p>
   </div>
   <div class='ocr_carea' id='block_1_2' title="bbox 190 279 1390 2917">
    <p class='ocr_par' dir='ltr' id='par_1_2' title="bbox 190 279 1390 570">
     <span class='ocr_line' id='line_1_2' title="bbox 193 279 1339 369; baseline 0.002 -24"><span class='ocrx_word' id='word_1_3' title='bbox 193 282 249 360; x_wconf 91' lang='grc'>10,</span> <span class='ocrx_word' id='word_1_4' title='bbox 271 282 308 366; x_wconf 91' lang='grc'>2,</span> <span class='ocrx_word' id='word_1_5' title='bbox 332 281 352 345; x_wconf 96' lang='grc'>2</span> <span class='ocrx_word' id='word_1_6' title='bbox 381 279 581 345; x_wconf 89' lang='lat' dir='ltr'>adolescenti</span> <span class='ocrx_word' id='word_1_7' title='bbox 604 301 724 364; x_wconf 86' lang='lat' dir='ltr'>negare</span> <span class='ocrx_word' id='word_1_8' title='bbox 747 279 1015 367; x_wconf 86' lang='lat' dir='ltr'>(,‚abschlagen“)</span> <span class='ocrx_word' id='word_1_9' title='bbox 1045 304 1109 347; x_wconf 92' lang='lat' dir='ltr'>non</span> <span class='ocrx_word' id='word_1_10' title='bbox 1133 284 1239 367; x_wconf 90' lang='lat' dir='ltr'>potuit</span> <span class='ocrx_word' id='word_1_11' title='bbox 1261 284 1339 369; x_wconf 86' lang='lat' dir='ltr'>quin</span> 
     </span>
     <span class='ocr_line' id='line_1_3' title="bbox 192 381 1340 471; baseline 0.002 -25"><span class='ocrx_word' id='word_1_12' title='bbox 192 405 266 447; x_wconf 91' lang='lat' dir='ltr'>eum</span> <span class='ocrx_word' id='word_1_13' title='bbox 290 392 479 448; x_wconf 76' lang='lat' dir='ltr'><strong>arcesseret.</strong></span> <span class='ocrx_word' id='word_1_14' title='bbox 511 382 646 448; x_wconf 88' lang='lat' dir='ltr'>Audere</span> <span class='ocrx_word' id='word_1_15' title='bbox 669 382 760 447; x_wconf 88' lang='lat' dir='ltr'>nicht</span> <span class='ocrx_word' id='word_1_16' title='bbox 781 381 984 448; x_wconf 78' lang='lat' dir='ltr'>auffallende</span> <span class='ocrx_word' id='word_1_17' title='bbox 999 382 1123 449; x_wconf 86' lang='lat' dir='ltr'>Stellen</span> <span class='ocrx_word' id='word_1_18' title='bbox 1144 407 1202 449; x_wconf 91' lang='lat' dir='ltr'>aus</span> <span class='ocrx_word' id='word_1_19' title='bbox 1218 383 1340 471; x_wconf 82' lang='lat' dir='ltr'>Nepos,</span> 
     </span>
     <span class='ocr_line' id='line_1_4' title="bbox 190 483 1390 570; baseline -0.001 -19"><span class='ocrx_word' id='word_1_20' title='bbox 190 485 235 551; x_wconf 94' lang='lat' dir='ltr'>im</span> <span class='ocrx_word' id='word_1_21' title='bbox 259 484 397 550; x_wconf 86' lang='lat' dir='ltr'>Ganzen</span> <span class='ocrx_word' id='word_1_22' title='bbox 419 485 506 568; x_wconf 87' lang='lat' dir='ltr'>aoht,</span> <span class='ocrx_word' id='word_1_23' title='bbox 528 484 620 570; x_wconf 90' lang='lat' dir='ltr'>giebt</span> <span class='ocrx_word' id='word_1_24' title='bbox 642 485 755 570; x_wconf 81' lang='lat' dir='ltr'>Lupus</span> <span class='ocrx_word' id='word_1_25' title='bbox 778 483 811 549; x_wconf 88' lang='lat' dir='ltr'>S.</span> <span class='ocrx_word' id='word_1_26' title='bbox 836 485 905 550; x_wconf 79' lang='lat'><strong>150.</strong></span> <span class='ocrx_word' id='word_1_27' title='bbox 1387 486 1390 499; x_wconf 85' lang='lat'><em>&#39;</em></span> 
     </span>
    </p>

    <p class='ocr_par' dir='ltr' id='par_1_3' title="bbox 190 586 1341 967">
     <span class='ocr_line' id='line_1_5' title="bbox 278 586 1339 673; baseline 0.002 -20"><span class='ocrx_word' id='word_1_28' title='bbox 278 586 366 653; x_wconf 89' lang='lat' dir='ltr'>Seu.</span> <span class='ocrx_word' id='word_1_29' title='bbox 392 588 465 652; x_wconf 90' lang='lat' dir='ltr'>ben.</span> <span class='ocrx_word' id='word_1_30' title='bbox 489 587 520 670; x_wconf 88' lang='lat'>6,</span> <span class='ocrx_word' id='word_1_31' title='bbox 544 588 573 666; x_wconf 82' lang='grc'><strong>7,</strong></span> <span class='ocrx_word' id='word_1_32' title='bbox 596 586 617 650; x_wconf 98' lang='grc'>2</span> <span class='ocrx_word' id='word_1_33' title='bbox 640 589 717 671; x_wconf 92' lang='lat' dir='ltr'>quin</span> <span class='ocrx_word' id='word_1_34' title='bbox 741 609 799 650; x_wconf 91' lang='lat' dir='ltr'>nos</span> <span class='ocrx_word' id='word_1_35' title='bbox 822 610 884 651; x_wconf 92' lang='lat' dir='ltr'>non</span> <span class='ocrx_word' id='word_1_36' title='bbox 909 586 1042 673; x_wconf 84' lang='lat' dir='ltr'>obliget,</span> <span class='ocrx_word' id='word_1_37' title='bbox 1065 590 1267 666; x_wconf 82' lang='lat' dir='ltr'>manifestius</span> <span class='ocrx_word' id='word_1_38' title='bbox 1289 600 1339 655; x_wconf 89' lang='lat' dir='ltr'>est</span> 
     </span>
     <span class='ocr_line' id='line_1_6' title="bbox 191 688 1341 776; baseline 0.001 -22"><span class='ocrx_word' id='word_1_39' title='bbox 191 690 269 776; x_wconf 84' lang='lat' dir='ltr'>(wie</span> <span class='ocrx_word' id='word_1_40' title='bbox 293 689 363 759; x_wconf 78' lang='lat' dir='ltr'>uio.</span> <span class='ocrx_word' id='word_1_41' title='bbox 386 710 430 753; x_wconf 92' lang='lat' dir='ltr'>or.</span> <span class='ocrx_word' id='word_1_42' title='bbox 456 699 539 776; x_wconf 89' lang='lat' dir='ltr'>part.</span> <span class='ocrx_word' id='word_1_43' title='bbox 565 688 620 770; x_wconf 85' lang='lat'>14,</span> <span class='ocrx_word' id='word_1_44' title='bbox 643 691 682 754; x_wconf 81' lang='lat' dir='ltr'>bl</span> <span class='ocrx_word' id='word_1_45' title='bbox 707 710 811 776; x_wconf 90' lang='lat' dir='ltr'>neque</span> <span class='ocrx_word' id='word_1_46' title='bbox 835 698 884 753; x_wconf 88' lang='lat' dir='ltr'>est</span> <span class='ocrx_word' id='word_1_47' title='bbox 905 690 1080 755; x_wconf 89' lang='lat' dir='ltr'>obscurum</span> <span class='ocrx_word' id='word_1_48' title='bbox 1103 692 1205 776; x_wconf 85' lang='lat' dir='ltr'>quin).</span> <span class='ocrx_word' id='word_1_49' title='bbox 1248 692 1341 757; x_wconf 88' lang='lat' dir='ltr'>Aber</span> 
     </span>
     <span class='ocr_line' id='line_1_7' title="bbox 190 788 1337 877; baseline 0.001 -22"><span class='ocrx_word' id='word_1_50' title='bbox 190 791 263 855; x_wconf 90' lang='lat' dir='ltr'>hier</span> <span class='ocrx_word' id='word_1_51' title='bbox 285 791 329 856; x_wconf 89' lang='lat' dir='ltr'>ist</span> <span class='ocrx_word' id='word_1_52' title='bbox 351 790 410 855; x_wconf 88' lang='lat' dir='ltr'>der</span> <span class='ocrx_word' id='word_1_53' title='bbox 427 788 614 877; x_wconf 84' lang='lat' dir='ltr'>Hauptsatz</span> <span class='ocrx_word' id='word_1_54' title='bbox 638 792 769 876; x_wconf 87' lang='lat' dir='ltr'>positiv,</span> <span class='ocrx_word' id='word_1_55' title='bbox 792 790 861 857; x_wconf 86' lang='lat' dir='ltr'>also</span> <span class='ocrx_word' id='word_1_56' title='bbox 884 790 979 857; x_wconf 79' lang='lat' dir='ltr'>sollte</span> <span class='ocrx_word' id='word_1_57' title='bbox 1002 792 1061 856; x_wconf 87' lang='lat' dir='ltr'>der</span> <span class='ocrx_word' id='word_1_58' title='bbox 1083 792 1271 856; x_wconf 85' lang='lat' dir='ltr'>Nebensatz</span> <span class='ocrx_word' id='word_1_59' title='bbox 1294 793 1337 856; x_wconf 91' lang='lat' dir='ltr'>im</span> 
     </span>
     <span class='ocr_line' id='line_1_8' title="bbox 191 893 874 967; baseline 0 -10"><span class='ocrx_word' id='word_1_60' title='bbox 191 894 272 960; x_wconf 88' lang='lat' dir='ltr'>Ace.</span> <span class='ocrx_word' id='word_1_61' title='bbox 297 914 325 957; x_wconf 87' lang='lat' dir='ltr'>c.</span> <span class='ocrx_word' id='word_1_62' title='bbox 347 893 407 957; x_wconf 84' lang='lat' dir='ltr'>inf.</span> <span class='ocrx_word' id='word_1_63' title='bbox 431 893 557 957; x_wconf 89' lang='lat' dir='ltr'>stehen.</span> <span class='ocrx_word' id='word_1_64' title='bbox 870 960 874 967; x_wconf 62' lang='grc'><strong>,</strong></span> 
     </span>
    </p>

    <p class='ocr_par' dir='ltr' id='par_1_4' title="bbox 191 993 1340 1183">
     <span class='ocr_line' id='line_1_9' title="bbox 279 993 1340 1082; baseline 0.003 -23"><span class='ocrx_word' id='word_1_65' title='bbox 279 993 452 1075; x_wconf 78' lang='lat' dir='ltr'>Quintil.</span> <span class='ocrx_word' id='word_1_66' title='bbox 474 995 504 1074; x_wconf 86' lang='lat'>4,</span> <span class='ocrx_word' id='word_1_67' title='bbox 524 995 554 1079; x_wconf 86' lang='lat'>4,</span> <span class='ocrx_word' id='word_1_68' title='bbox 574 996 595 1059; x_wconf 89' lang='grc'>4</span> <span class='ocrx_word' id='word_1_69' title='bbox 616 996 695 1082; x_wconf 89' lang='lat' dir='ltr'>quin</span> <span class='ocrx_word' id='word_1_70' title='bbox 718 997 905 1061; x_wconf 82' lang='lat' dir='ltr'>ascenderis</span> <span class='ocrx_word' id='word_1_71' title='bbox 929 1018 1066 1080; x_wconf 90' lang='lat' dir='ltr'>murum,</span> <span class='ocrx_word' id='word_1_72' title='bbox 1089 1020 1152 1062; x_wconf 91' lang='lat' dir='ltr'>non</span> <span class='ocrx_word' id='word_1_73' title='bbox 1176 999 1340 1080; x_wconf 79' lang='lat' dir='ltr'>quaeritur</span> 
     </span>
     <span class='ocr_line' id='line_1_10' title="bbox 191 1096 625 1183; baseline -0.005 -21"><span class='ocrx_word' id='word_1_74' title='bbox 191 1098 227 1183; x_wconf 78' lang='lat' dir='ltr'>(i.</span> <span class='ocrx_word' id='word_1_75' title='bbox 250 1119 279 1163; x_wconf 93' lang='lat' dir='ltr'>e.</span> <span class='ocrx_word' id='word_1_76' title='bbox 303 1120 368 1163; x_wconf 91' lang='lat' dir='ltr'>non</span> <span class='ocrx_word' id='word_1_77' title='bbox 392 1107 443 1162; x_wconf 84' lang='lat' dir='ltr'>eet</span> <span class='ocrx_word' id='word_1_78' title='bbox 465 1096 625 1180; x_wconf 90' lang='lat' dir='ltr'>dubium).</span> 
     </span>
    </p>

    <p class='ocr_par' dir='ltr' id='par_1_5' title="bbox 193 1198 1342 2917">
     <span class='ocr_line' id='line_1_11' title="bbox 277 1198 1340 1284; baseline 0.003 -20"><span class='ocrx_word' id='word_1_79' title='bbox 277 1199 449 1265; x_wconf 79' lang='lat' dir='ltr'>Tacitus</span> <span class='ocrx_word' id='word_1_80' title='bbox 465 1198 647 1284; x_wconf 86' lang='lat' dir='ltr'>gebraucht</span> <span class='ocrx_word' id='word_1_81' title='bbox 661 1201 739 1281; x_wconf 82' lang='lat' dir='ltr'>quiu</span> <span class='ocrx_word' id='word_1_82' title='bbox 755 1200 789 1263; x_wconf 92' lang='lat' dir='ltr'>in</span> <span class='ocrx_word' id='word_1_83' title='bbox 803 1198 1052 1284; x_wconf 85' lang='lat' dir='ltr'>mannigfacher</span> <span class='ocrx_word' id='word_1_84' title='bbox 1067 1203 1134 1266; x_wconf 91' lang='lat' dir='ltr'>und</span> <span class='ocrx_word' id='word_1_85' title='bbox 1150 1203 1226 1267; x_wconf 90' lang='lat' dir='ltr'>sehr</span> <span class='ocrx_word' id='word_1_86' title='bbox 1241 1202 1340 1267; x_wconf 89' lang='lat' dir='ltr'>freier</span> 
     </span>
     <span class='ocr_line' id='line_1_12' title="bbox 193 1300 1337 1390; baseline 0.003 -24"><span class='ocrx_word' id='word_1_87' title='bbox 193 1301 316 1367; x_wconf 89' lang='lat' dir='ltr'>Weise.</span> <span class='ocrx_word' id='word_1_88' title='bbox 362 1300 446 1365; x_wconf 91' lang='lat' dir='ltr'>Dem</span> <span class='ocrx_word' id='word_1_89' title='bbox 474 1300 628 1365; x_wconf 80' lang='lat' dir='ltr'>frttheren</span> <span class='ocrx_word' id='word_1_90' title='bbox 655 1300 742 1366; x_wconf 87' lang='lat' dir='ltr'>Usus</span> <span class='ocrx_word' id='word_1_91' title='bbox 771 1302 1008 1388; x_wconf 88' lang='lat' dir='ltr'>eutspreehend</span> <span class='ocrx_word' id='word_1_92' title='bbox 1043 1304 1125 1368; x_wconf 91' lang='lat' dir='ltr'>nach</span> <span class='ocrx_word' id='word_1_93' title='bbox 1160 1303 1337 1390; x_wconf 83' lang='lat' dir='ltr'><strong>folgenden</strong></span> 
     </span>
     <span class='ocr_line' id='line_1_13' title="bbox 193 1402 1342 1493; baseline 0.003 -25"><span class='ocrx_word' id='word_1_94' title='bbox 193 1403 438 1490; x_wconf 69' lang='lat' dir='ltr'>Hauptsatzeu:</span> <span class='ocrx_word' id='word_1_95' title='bbox 467 1403 498 1467; x_wconf 95' lang='lat' dir='ltr'>h.</span> <span class='ocrx_word' id='word_1_96' title='bbox 522 1403 557 1485; x_wconf 90' lang='lat'>3,</span> <span class='ocrx_word' id='word_1_97' title='bbox 586 1402 627 1466; x_wconf 90' lang='grc'>28</span> <span class='ocrx_word' id='word_1_98' title='bbox 656 1424 720 1466; x_wconf 90' lang='lat' dir='ltr'>non</span> <span class='ocrx_word' id='word_1_99' title='bbox 751 1405 972 1468; x_wconf 88' lang='lat' dir='ltr'>morabantur.</span> <span class='ocrx_word' id='word_1_100' title='bbox 1012 1428 1086 1469; x_wconf 92' lang='lat' dir='ltr'>auu.</span> <span class='ocrx_word' id='word_1_101' title='bbox 1112 1408 1166 1490; x_wconf 92' lang='lat'>11,</span> <span class='ocrx_word' id='word_1_102' title='bbox 1190 1408 1209 1470; x_wconf 91' lang='lat'>8</span> <span class='ocrx_word' id='word_1_103' title='bbox 1236 1429 1342 1493; x_wconf 90' lang='lat' dir='ltr'>neque</span> 
     </span>
     <span class='ocr_line' id='line_1_14' title="bbox 194 1503 1342 1594; baseline 0.003 -25"><span class='ocrx_word' id='word_1_104' title='bbox 194 1514 376 1570; x_wconf 73' lang='lat' dir='ltr'><strong>cunctatur.</strong></span> <span class='ocrx_word' id='word_1_105' title='bbox 408 1506 441 1588; x_wconf 88' lang='lat'>3,</span> <span class='ocrx_word' id='word_1_106' title='bbox 457 1505 497 1570; x_wconf 82' lang='lat'>27</span> <span class='ocrx_word' id='word_1_107' title='bbox 520 1527 561 1569; x_wconf 88' lang='lat' dir='ltr'>ne</span> <span class='ocrx_word' id='word_1_108' title='bbox 584 1503 669 1570; x_wconf 91' lang='lat' dir='ltr'>bello</span> <span class='ocrx_word' id='word_1_109' title='bbox 686 1503 817 1590; x_wconf 91' lang='lat' dir='ltr'>quidem</span> <span class='ocrx_word' id='word_1_110' title='bbox 832 1503 951 1570; x_wconf 88' lang='lat' dir='ltr'>Italico</span> <span class='ocrx_word' id='word_1_111' title='bbox 973 1509 1122 1572; x_wconf 79' lang='lat' dir='ltr'>omissum</span> <span class='ocrx_word' id='word_1_112' title='bbox 1139 1509 1219 1594; x_wconf 90' lang='lat' dir='ltr'>quin</span> <span class='ocrx_word' id='word_1_113' title='bbox 1240 1508 1342 1573; x_wconf 91' lang='lat' dir='ltr'>multa</span> 
     </span>
     <span class='ocr_line' id='line_1_15' title="bbox 194 1607 1342 1696; baseline 0.003 -25"><span class='ocrx_word' id='word_1_114' title='bbox 194 1615 226 1672; x_wconf 85' lang='lat' dir='ltr'>et</span> <span class='ocrx_word' id='word_1_115' title='bbox 240 1607 376 1672; x_wconf 87' lang='lat' dir='ltr'>diversa</span> <span class='ocrx_word' id='word_1_116' title='bbox 404 1609 630 1672; x_wconf 85' lang='lat' dir='ltr'>sciscereutur.</span> <span class='ocrx_word' id='word_1_117' title='bbox 666 1609 715 1690; x_wconf 85' lang='lat'>14,</span> <span class='ocrx_word' id='word_1_118' title='bbox 731 1607 773 1671; x_wconf 86' lang='lat'>33</span> <span class='ocrx_word' id='word_1_119' title='bbox 795 1630 899 1695; x_wconf 91' lang='lat' dir='ltr'>nequo</span> <span class='ocrx_word' id='word_1_120' title='bbox 914 1607 993 1672; x_wconf 89' lang='lat' dir='ltr'>fletu</span> <span class='ocrx_word' id='word_1_121' title='bbox 1014 1609 1114 1690; x_wconf 70' lang='lat' dir='ltr'>{larus</span> <span class='ocrx_word' id='word_1_122' title='bbox 1129 1619 1179 1674; x_wconf 82' lang='lat' dir='ltr'>est</span> <span class='ocrx_word' id='word_1_123' title='bbox 1201 1633 1231 1696; x_wconf 89' lang='lat' dir='ltr'>q.</span> <span class='ocrx_word' id='word_1_124' title='bbox 1249 1611 1342 1676; x_wconf 88' lang='lat' dir='ltr'>daret</span> 
     </span>
     <span class='ocr_line' id='line_1_16' title="bbox 194 1700 1340 1799; baseline 0.003 -25"><span class='ocrx_word' id='word_1_125' title='bbox 194 1712 324 1794; x_wconf 84' lang='lat' dir='ltr'>signum</span> <span class='ocrx_word' id='word_1_126' title='bbox 347 1707 446 1797; x_wconf 90' lang='lat' dir='ltr'>(nach</span> <span class='ocrx_word' id='word_1_127' title='bbox 468 1710 543 1774; x_wconf 89' lang='lat' dir='ltr'>Liv.</span> <span class='ocrx_word' id='word_1_128' title='bbox 566 1710 602 1790; x_wconf 88' lang='lat'>5,</span> <span class='ocrx_word' id='word_1_129' title='bbox 625 1708 668 1772; x_wconf 84' lang='lat'>42</span> <span class='ocrx_word' id='word_1_130' title='bbox 689 1700 775 1773; x_wconf 74' lang='lat' dir='ltr'>‘nihil</span> <span class='ocrx_word' id='word_1_131' title='bbox 805 1709 967 1798; x_wconf 83' lang='lat' dir='ltr'>flexerunt</span> <span class='ocrx_word' id='word_1_132' title='bbox 995 1712 1120 1775; x_wconf 91' lang='lat' dir='ltr'>animos</span> <span class='ocrx_word' id='word_1_133' title='bbox 1147 1713 1252 1799; x_wconf 91' lang='lat' dir='ltr'>quin).</span> <span class='ocrx_word' id='word_1_134' title='bbox 1291 1714 1340 1796; x_wconf 82' lang='lat'>15,</span> 
     </span>
     <span class='ocr_line' id='line_1_17' title="bbox 194 1810 1341 1902; baseline 0.001 -25"><span class='ocrx_word' id='word_1_135' title='bbox 194 1812 234 1877; x_wconf 82' lang='lat'>39</span> <span class='ocrx_word' id='word_1_136' title='bbox 262 1832 369 1898; x_wconf 90' lang='lat' dir='ltr'>neque</span> <span class='ocrx_word' id='word_1_137' title='bbox 397 1820 507 1875; x_wconf 88' lang='lat' dir='ltr'>tamen</span> <span class='ocrx_word' id='word_1_138' title='bbox 533 1813 603 1877; x_wconf 80' lang='lat' dir='ltr'>sr&#39;sti</span> <span class='ocrx_word' id='word_1_139' title='bbox 631 1812 736 1896; x_wconf 88' lang='lat' dir='ltr'>potuit</span> <span class='ocrx_word' id='word_1_140' title='bbox 765 1810 880 1897; x_wconf 84' lang='lat' dir='ltr'>(iguis)</span> <span class='ocrx_word' id='word_1_141' title='bbox 909 1812 987 1897; x_wconf 93' lang='lat' dir='ltr'>quin</span> <span class='ocrx_word' id='word_1_142' title='bbox 1010 1824 1191 1902; x_wconf 81' lang='lat' dir='ltr'>—cuncta</span> <span class='ocrx_word' id='word_1_143' title='bbox 1219 1816 1341 1879; x_wconf 86' lang='lat' dir='ltr'>circum</span> 
     </span>
     <span class='ocr_line' id='line_1_18' title="bbox 196 1913 1338 2001; baseline 0.002 -23"><span class='ocrx_word' id='word_1_144' title='bbox 196 1915 404 1978; x_wconf 79' lang='lat' dir='ltr'>haurirentur</span> <span class='ocrx_word' id='word_1_145' title='bbox 427 1914 502 1999; x_wconf 84' lang='lat' dir='ltr'>(wie</span> <span class='ocrx_word' id='word_1_146' title='bbox 524 1913 699 1999; x_wconf 83' lang='lat' dir='ltr'>prohiberi,</span> <span class='ocrx_word' id='word_1_147' title='bbox 722 1913 879 1999; x_wconf 87' lang='lat' dir='ltr'>retineri).</span> <span class='ocrx_word' id='word_1_148' title='bbox 909 1913 999 1979; x_wconf 85' lang='lat' dir='ltr'>Aber</span> <span class='ocrx_word' id='word_1_149' title='bbox 1015 1938 1078 1980; x_wconf 92' lang='lat' dir='ltr'>ueu</span> <span class='ocrx_word' id='word_1_150' title='bbox 1094 1915 1168 1980; x_wconf 88' lang='lat' dir='ltr'>sind</span> <span class='ocrx_word' id='word_1_151' title='bbox 1184 1916 1338 2001; x_wconf 87' lang='lat' dir='ltr'>folgeude</span> 
     </span>
     <span class='ocr_line' id='line_1_19' title="bbox 196 2013 1337 2100; baseline 0.003 -20"><span class='ocrx_word' id='word_1_152' title='bbox 196 2014 484 2100; x_wconf 79' lang='lat' dir='ltr'>Constructionem:</span> <span class='ocrx_word' id='word_1_153' title='bbox 507 2037 581 2079; x_wconf 92' lang='lat' dir='ltr'>aun.</span> <span class='ocrx_word' id='word_1_154' title='bbox 605 2016 635 2098; x_wconf 89' lang='lat'>6,</span> <span class='ocrx_word' id='word_1_155' title='bbox 657 2015 700 2078; x_wconf 91' lang='grc'>22</span> <span class='ocrx_word' id='word_1_156' title='bbox 722 2013 868 2100; x_wconf 89' lang='lat' dir='ltr'>plurimis</span> <span class='ocrx_word' id='word_1_157' title='bbox 892 2015 1078 2082; x_wconf 88' lang='lat' dir='ltr'>mortalium</span> <span class='ocrx_word' id='word_1_158' title='bbox 1100 2038 1165 2083; x_wconf 81' lang='lat' dir='ltr'>nou</span> <span class='ocrx_word' id='word_1_159' title='bbox 1188 2019 1337 2083; x_wconf 74' lang='lat' dir='ltr'>eximitur</span> 
     </span>
     <span class='ocr_line' id='line_1_20' title="bbox 195 2116 1341 2205; baseline 0 -23"><span class='ocrx_word' id='word_1_160' title='bbox 195 2118 271 2203; x_wconf 90' lang='lat' dir='ltr'>quin</span> <span class='ocrx_word' id='word_1_161' title='bbox 295 2118 382 2200; x_wconf 86' lang='lat' dir='ltr'>(„eie</span> <span class='ocrx_word' id='word_1_162' title='bbox 402 2116 512 2182; x_wconf 88' lang='lat' dir='ltr'>lassen</span> <span class='ocrx_word' id='word_1_163' title='bbox 534 2139 569 2181; x_wconf 90' lang='lat' dir='ltr'>es</span> <span class='ocrx_word' id='word_1_164' title='bbox 592 2116 664 2180; x_wconf 89' lang='lat' dir='ltr'>sich</span> <span class='ocrx_word' id='word_1_165' title='bbox 686 2116 776 2180; x_wconf 87' lang='lat' dir='ltr'>nicht</span> <span class='ocrx_word' id='word_1_166' title='bbox 797 2118 946 2201; x_wconf 89' lang='lat' dir='ltr'>uehmen,</span> <span class='ocrx_word' id='word_1_167' title='bbox 969 2118 1093 2205; x_wconf 81' lang='lat' dir='ltr'>dass“).</span> <span class='ocrx_word' id='word_1_168' title='bbox 1142 2116 1196 2204; x_wconf 80' lang='lat' dir='ltr'>ll&#39;,</span> <span class='ocrx_word' id='word_1_169' title='bbox 1219 2119 1261 2184; x_wconf 88' lang='lat'>34</span> <span class='ocrx_word' id='word_1_170' title='bbox 1282 2118 1341 2182; x_wconf 85' lang='lat' dir='ltr'>sed</span> 
     </span>
     <span class='ocr_line' id='line_1_21' title="bbox 195 2218 1341 2307; baseline 0.003 -25"><span class='ocrx_word' id='word_1_171' title='bbox 195 2241 255 2285; x_wconf 91' lang='lat' dir='ltr'>non</span> <span class='ocrx_word' id='word_1_172' title='bbox 279 2218 355 2284; x_wconf 86' lang='lat' dir='ltr'>ideo</span> <span class='ocrx_word' id='word_1_173' title='bbox 379 2220 514 2302; x_wconf 80' lang='lat' dir='ltr'>peruicit</span> <span class='ocrx_word' id='word_1_174' title='bbox 539 2242 570 2305; x_wconf 90' lang='lat' dir='ltr'>q.</span> <span class='ocrx_word' id='word_1_175' title='bbox 594 2240 815 2306; x_wconf 89' lang='lat' dir='ltr'>suspensa-</span> <span class='ocrx_word' id='word_1_176' title='bbox 839 2219 1060 2307; x_wconf 82' lang='lat' dir='ltr'>responderet.</span> <span class='ocrx_word' id='word_1_177' title='bbox 1100 2222 1154 2302; x_wconf 79' lang='lat' dir='ltr'>lb,</span> <span class='ocrx_word' id='word_1_178' title='bbox 1182 2222 1222 2286; x_wconf 79' lang='lat'>57</span> <span class='ocrx_word' id='word_1_179' title='bbox 1251 2219 1341 2285; x_wconf 92' lang='lat' dir='ltr'>illam</span> 
     </span>
     <span class='ocr_line' id='line_1_22' title="bbox 197 2320 1342 2408; baseline 0.004 -26"><span class='ocrx_word' id='word_1_180' title='bbox 197 2342 260 2386; x_wconf 90' lang='lat' dir='ltr'>non</span> <span class='ocrx_word' id='word_1_181' title='bbox 287 2320 427 2385; x_wconf 84' lang='lat' dir='ltr'>verbera</span> <span class='ocrx_word' id='word_1_182' title='bbox 456 2358 496 2368; x_wconf 53' lang='grc' dir='ltr'><strong><em>α</em></strong></span> <span class='ocrx_word' id='word_1_183' title='bbox 522 2321 690 2408; x_wconf 88' lang='lat' dir='ltr'>pervicere</span> <span class='ocrx_word' id='word_1_184' title='bbox 719 2320 798 2406; x_wconf 91' lang='lat' dir='ltr'>quin</span> <span class='ocrx_word' id='word_1_185' title='bbox 826 2321 954 2386; x_wconf 88' lang='lat' dir='ltr'>obiecta</span> <span class='ocrx_word' id='word_1_186' title='bbox 982 2323 1168 2407; x_wconf 82' lang='lat' dir='ltr'>denegaret.</span> <span class='ocrx_word' id='word_1_187' title='bbox 1213 2322 1342 2404; x_wconf 89' lang='lat' dir='ltr'>(Damit</span> 
     </span>
     <span class='ocr_line' id='line_1_23' title="bbox 197 2419 1342 2508; baseline 0.003 -22"><span class='ocrx_word' id='word_1_188' title='bbox 197 2419 321 2488; x_wconf 76' lang='lat' dir='ltr'>ktnnte</span> <span class='ocrx_word' id='word_1_189' title='bbox 343 2421 505 2487; x_wconf 84' lang='lat' dir='ltr'>allenfalls</span> <span class='ocrx_word' id='word_1_190' title='bbox 528 2421 716 2508; x_wconf 84' lang='lat' dir='ltr'>verglichen</span> <span class='ocrx_word' id='word_1_191' title='bbox 738 2424 869 2487; x_wconf 88' lang='lat' dir='ltr'>werden</span> <span class='ocrx_word' id='word_1_192' title='bbox 891 2423 966 2488; x_wconf 89' lang='lat' dir='ltr'>Liv.</span> <span class='ocrx_word' id='word_1_193' title='bbox 989 2424 1021 2506; x_wconf 87' lang='grc'>4,</span> <span class='ocrx_word' id='word_1_194' title='bbox 1036 2426 1090 2506; x_wconf 90' lang='grc'>44,</span> <span class='ocrx_word' id='word_1_195' title='bbox 1112 2424 1133 2488; x_wconf 92' lang='grc'>2</span> <span class='ocrx_word' id='word_1_196' title='bbox 1156 2447 1215 2489; x_wconf 89' lang='lat' dir='ltr'>nec</span> <span class='ocrx_word' id='word_1_197' title='bbox 1239 2423 1342 2490; x_wconf 87' lang='lat' dir='ltr'>valuit</span> 
     </span>
     <span class='ocr_line' id='line_1_24' title="bbox 202 2524 1341 2612; baseline 0 -22"><span class='ocrx_word' id='word_1_198' title='bbox 202 2525 302 2611; x_wconf 89' lang='lat' dir='ltr'>quin.)</span> <span class='ocrx_word' id='word_1_199' title='bbox 349 2524 404 2604; x_wconf 91' lang='grc'>12,</span> <span class='ocrx_word' id='word_1_200' title='bbox 427 2525 448 2589; x_wconf 90' lang='grc'><strong>6</strong></span> <span class='ocrx_word' id='word_1_201' title='bbox 470 2547 529 2589; x_wconf 89' lang='lat' dir='ltr'>nec</span> <span class='ocrx_word' id='word_1_202' title='bbox 552 2524 609 2589; x_wconf 88' lang='lat' dir='ltr'>diu</span> <span class='ocrx_word' id='word_1_203' title='bbox 631 2526 865 2606; x_wconf 74' lang='lat' dir='ltr'>anquirendum</span> <span class='ocrx_word' id='word_1_204' title='bbox 888 2548 919 2612; x_wconf 94' lang='lat' dir='ltr'>q.</span> <span class='ocrx_word' id='word_1_205' title='bbox 943 2526 1126 2612; x_wconf 87' lang='lat' dir='ltr'>Agrippina</span> <span class='ocrx_word' id='word_1_206' title='bbox 1148 2524 1341 2590; x_wconf 79' lang='lat' dir='ltr'>claritudine</span> 
     </span>
     <span class='ocr_line' id='line_1_25' title="bbox 200 2625 1340 2712; baseline -0.001 -20"><span class='ocrx_word' id='word_1_207' title='bbox 200 2628 325 2710; x_wconf 82' lang='lat' dir='ltr'>generis</span> <span class='ocrx_word' id='word_1_208' title='bbox 347 2627 495 2692; x_wconf 88' lang='lat' dir='ltr'>anteiret.</span> <span class='ocrx_word' id='word_1_209' title='bbox 536 2627 714 2692; x_wconf 85' lang='lat' dir='ltr'>Eutweder</span> <span class='ocrx_word' id='word_1_210' title='bbox 734 2625 818 2691; x_wconf 89' lang='lat' dir='ltr'>uach</span> <span class='ocrx_word' id='word_1_211' title='bbox 834 2627 996 2712; x_wconf 80' lang='lat' dir='ltr'>Analogia</span> <span class='ocrx_word' id='word_1_212' title='bbox 1018 2650 1084 2691; x_wconf 88' lang='lat' dir='ltr'>von</span> <span class='ocrx_word' id='word_1_213' title='bbox 1105 2649 1171 2693; x_wconf 85' lang='lat' dir='ltr'>uou</span> <span class='ocrx_word' id='word_1_214' title='bbox 1193 2629 1340 2693; x_wconf 80' lang='lat' dir='ltr'>dubitau-</span> 
     </span>
     <span class='ocr_line' id='line_1_26' title="bbox 201 2727 1340 2815; baseline 0.001 -23"><span class='ocrx_word' id='word_1_215' title='bbox 201 2728 269 2794; x_wconf 81' lang='lat' dir='ltr'>dum</span> <span class='ocrx_word' id='word_1_216' title='bbox 285 2727 366 2794; x_wconf 88' lang='lat' dir='ltr'>oder</span> <span class='ocrx_word' id='word_1_217' title='bbox 381 2727 539 2793; x_wconf 85' lang='lat' dir='ltr'>verkiirzt</span> <span class='ocrx_word' id='word_1_218' title='bbox 556 2728 625 2794; x_wconf 84' lang='lat' dir='ltr'>fur:</span> <span class='ocrx_word' id='word_1_219' title='bbox 646 2729 724 2815; x_wconf 91' lang='lat' dir='ltr'>quin</span> <span class='ocrx_word' id='word_1_220' title='bbox 738 2727 960 2814; x_wconf 86' lang='lat' dir='ltr'>intelligerent</span> <span class='ocrx_word' id='word_1_221' title='bbox 974 2728 1191 2815; x_wconf 83' lang='lat' dir='ltr'>Agrippinam</span> <span class='ocrx_word' id='word_1_222' title='bbox 1208 2732 1340 2794; x_wconf 87' lang='lat' dir='ltr'>anteire.</span> 
     </span>
     <span class='ocr_line' id='line_1_27' title="bbox 203 2829 1341 2917; baseline 0.003 -26"><span class='ocrx_word' id='word_1_223' title='bbox 203 2830 252 2913; x_wconf 84' lang='lat'>13,</span> <span class='ocrx_word' id='word_1_224' title='bbox 277 2829 318 2893; x_wconf 90' lang='grc'>14</span> <span class='ocrx_word' id='word_1_225' title='bbox 339 2852 403 2894; x_wconf 90' lang='lat' dir='ltr'>uon</span> <span class='ocrx_word' id='word_1_226' title='bbox 432 2831 570 2897; x_wconf 75' lang='lat' dir='ltr'>abnuere</span> <span class='ocrx_word' id='word_1_227' title='bbox 596 2851 632 2894; x_wconf 87' lang='lat' dir='ltr'>se</span> <span class='ocrx_word' id='word_1_228' title='bbox 659 2853 690 2916; x_wconf 93' lang='lat' dir='ltr'>q.</span> <span class='ocrx_word' id='word_1_229' title='bbox 714 2840 831 2894; x_wconf 87' lang='lat' dir='ltr'>cuncta</span> <span class='ocrx_word' id='word_1_230' title='bbox 851 2869 893 2879; x_wconf 92' lang='lat'><em>-</em></span> <span class='ocrx_word' id='word_1_231' title='bbox 915 2829 1002 2895; x_wconf 91' lang='lat' dir='ltr'>mala</span> <span class='ocrx_word' id='word_1_232' title='bbox 1030 2831 1223 2916; x_wconf 87' lang='lat' dir='ltr'>patefierent</span> <span class='ocrx_word' id='word_1_233' title='bbox 1249 2832 1341 2917; x_wconf 89' lang='lat' dir='ltr'>(„eie</span> 
     </span>
    </p>
   </div>
   <div class='ocr_carea' id='block_1_3' title="bbox 100 2910 1341 3201">
    <p class='ocr_par' dir='ltr' id='par_1_6' title="bbox 100 2910 1341 3201">
     <span class='ocr_line' id='line_1_28' title="bbox 202 2910 1340 3017; baseline 0.004 -23"><span class='ocrx_word' id='word_1_234' title='bbox 202 2927 281 2996; x_wconf 85' lang='lat' dir='ltr'>habe</span> <span class='ocrx_word' id='word_1_235' title='bbox 302 2930 410 2995; x_wconf 88' lang='lat' dir='ltr'>nichts</span> <span class='ocrx_word' id='word_1_236' title='bbox 433 2910 590 3016; x_wconf 70' lang='lat' dir='ltr'>dagegen,</span> <span class='ocrx_word' id='word_1_237' title='bbox 616 2931 742 3014; x_wconf 84' lang='lat' dir='ltr'>dass“).</span> <span class='ocrx_word' id='word_1_238' title='bbox 780 2931 857 3017; x_wconf 85' lang='lat' dir='ltr'>Vgl.</span> <span class='ocrx_word' id='word_1_239' title='bbox 882 2934 965 2998; x_wconf 89' lang='lat' dir='ltr'>oben</span> <span class='ocrx_word' id='word_1_240' title='bbox 987 2954 1052 2998; x_wconf 86' lang='lat' dir='ltr'>uou</span> <span class='ocrx_word' id='word_1_241' title='bbox 1073 2954 1188 3016; x_wconf 74' lang='lat' dir='ltr'>uepure</span> <span class='ocrx_word' id='word_1_242' title='bbox 1211 2934 1263 2999; x_wconf 93' lang='lat' dir='ltr'>bei</span> <span class='ocrx_word' id='word_1_243' title='bbox 1285 2933 1340 2998; x_wconf 92' lang='lat' dir='ltr'>Li·</span> 
     </span>
     <span class='ocr_line' id='line_1_29' title="bbox 100 3032 1341 3121; baseline 0.002 -25"><span class='ocrx_word' id='word_1_244' title='bbox 100 3070 102 3121; x_wconf 74' lang='lat'><strong><em>2</em></strong></span> <span class='ocrx_word' id='word_1_245' title='bbox 201 3032 281 3115; x_wconf 85' lang='lat' dir='ltr'>vius,</span> <span class='ocrx_word' id='word_1_246' title='bbox 302 3034 413 3120; x_wconf 80' lang='lat' dir='ltr'>Nepos</span> <span class='ocrx_word' id='word_1_247' title='bbox 436 3032 506 3097; x_wconf 86' lang='lat' dir='ltr'>und</span> <span class='ocrx_word' id='word_1_248' title='bbox 527 3033 682 3099; x_wconf 87' lang='lat' dir='ltr'>Lactauz.</span> <span class='ocrx_word' id='word_1_249' title='bbox 717 3033 757 3097; x_wconf 93' lang='lat' dir='ltr'>In</span> <span class='ocrx_word' id='word_1_250' title='bbox 781 3035 839 3099; x_wconf 91' lang='lat' dir='ltr'>der</span> <span class='ocrx_word' id='word_1_251' title='bbox 856 3034 1050 3119; x_wconf 85' lang='lat' dir='ltr'>Bedeutung</span> <span class='ocrx_word' id='word_1_252' title='bbox 1072 3033 1260 3121; x_wconf 84' lang='lat' dir='ltr'>„leugnen“</span> <span class='ocrx_word' id='word_1_253' title='bbox 1284 3034 1341 3100; x_wconf 90' lang='lat' dir='ltr'>hat</span> 
     </span>
     <span class='ocr_line' id='line_1_30' title="bbox 103 3132 775 3201; baseline 0.003 -4"><span class='ocrx_word' id='word_1_254' title='bbox 103 3164 106 3169; x_wconf 95' lang='lat'>·</span> <span class='ocrx_word' id='word_1_255' title='bbox 199 3132 338 3201; x_wconf 85' lang='lat' dir='ltr'>abnuere</span> <span class='ocrx_word' id='word_1_256' title='bbox 361 3158 423 3200; x_wconf 90' lang='lat' dir='ltr'>nur</span> <span class='ocrx_word' id='word_1_257' title='bbox 444 3135 506 3199; x_wconf 89' lang='lat' dir='ltr'>den</span> <span class='ocrx_word' id='word_1_258' title='bbox 530 3134 611 3200; x_wconf 87' lang='lat' dir='ltr'>Ace.</span> <span class='ocrx_word' id='word_1_259' title='bbox 633 3157 660 3200; x_wconf 88' lang='lat' dir='ltr'>e.</span> <span class='ocrx_word' id='word_1_260' title='bbox 684 3134 775 3199; x_wconf 90' lang='lat' dir='ltr'>infin.</span> 
     </span>
    </p>
   </div>
   <div class='ocr_carea' id='block_1_4' title="bbox 100 3235 1341 4139">
    <p class='ocr_par' dir='ltr' id='par_1_7' title="bbox 282 3235 1341 3325">
     <span class='ocr_line' id='line_1_31' title="bbox 282 3235 1341 3325; baseline 0.003 -26"><span class='ocrx_word' id='word_1_261' title='bbox 282 3235 350 3300; x_wconf 87' lang='lat' dir='ltr'>Der</span> <span class='ocrx_word' id='word_1_262' title='bbox 372 3237 458 3302; x_wconf 91' lang='lat' dir='ltr'>oben</span> <span class='ocrx_word' id='word_1_263' title='bbox 480 3258 539 3300; x_wconf 89' lang='lat' dir='ltr'>aus</span> <span class='ocrx_word' id='word_1_264' title='bbox 564 3237 678 3301; x_wconf 87' lang='lat' dir='ltr'>Livius</span> <span class='ocrx_word' id='word_1_265' title='bbox 701 3239 968 3322; x_wconf 86' lang='lat' dir='ltr'>uachgewiesene</span> <span class='ocrx_word' id='word_1_266' title='bbox 990 3240 1251 3325; x_wconf 85' lang='lat' dir='ltr'>epexegetisehe,</span> <span class='ocrx_word' id='word_1_267' title='bbox 1274 3239 1341 3303; x_wconf 90' lang='lat' dir='ltr'>ad-</span> 
     </span>
    </p>

    <p class='ocr_par' dir='ltr' id='par_1_8' title="bbox 100 3332 1341 3835">
     <span class='ocr_line' id='line_1_32' title="bbox 100 3332 1341 3431; baseline 0.004 -32"><span class='ocrx_word' id='word_1_268' title='bbox 100 3332 113 3431; x_wconf 50' lang='lat' dir='ltr'>l</span> <span class='ocrx_word' id='word_1_269' title='bbox 195 3340 412 3404; x_wconf 82' lang='lat' dir='ltr'>versative</span> <span class='ocrx_word' id='word_1_270' title='bbox 435 3338 607 3405; x_wconf 85' lang='lat' dir='ltr'>Gebrauch</span> <span class='ocrx_word' id='word_1_271' title='bbox 636 3338 738 3403; x_wconf 90' lang='lat' dir='ltr'>findet</span> <span class='ocrx_word' id='word_1_272' title='bbox 767 3339 836 3403; x_wconf 89' lang='lat' dir='ltr'>sich</span> <span class='ocrx_word' id='word_1_273' title='bbox 865 3340 950 3403; x_wconf 68' lang='lat' dir='ltr'>efter</span> <span class='ocrx_word' id='word_1_274' title='bbox 976 3341 1010 3405; x_wconf 93' lang='lat' dir='ltr'>in</span> <span class='ocrx_word' id='word_1_275' title='bbox 1034 3340 1097 3404; x_wconf 87' lang='lat' dir='ltr'>den</span> <span class='ocrx_word' id='word_1_276' title='bbox 1120 3340 1286 3406; x_wconf 90' lang='lat' dir='ltr'>Annalen:</span> <span class='ocrx_word' id='word_1_277' title='bbox 1309 3340 1341 3420; x_wconf 83' lang='lat'>6,</span> 
     </span>
     <span class='ocr_line' id='line_1_33' title="bbox 191 3432 1340 3529; baseline 0.002 -26"><span class='ocrx_word' id='word_1_278' title='bbox 191 3437 212 3499; x_wconf 88' lang='grc'>6</span> <span class='ocrx_word' id='word_1_279' title='bbox 241 3432 408 3507; x_wconf 78' lang='lat' dir='ltr'>&#39;liberium</span> <span class='ocrx_word' id='word_1_280' title='bbox 430 3464 496 3506; x_wconf 93' lang='lat' dir='ltr'>non</span> <span class='ocrx_word' id='word_1_281' title='bbox 518 3441 661 3524; x_wconf 87' lang='lat' dir='ltr'>fortuna,</span> <span class='ocrx_word' id='word_1_282' title='bbox 682 3463 746 3505; x_wconf 92' lang='lat' dir='ltr'>non</span> <span class='ocrx_word' id='word_1_283' title='bbox 763 3441 954 3506; x_wconf 82' lang='lat' dir='ltr'>solitudines</span> <span class='ocrx_word' id='word_1_284' title='bbox 970 3443 1197 3529; x_wconf 84' lang='lat' dir='ltr'>protegebant,</span> <span class='ocrx_word' id='word_1_285' title='bbox 1221 3466 1252 3529; x_wconf 92' lang='lat' dir='ltr'>q.</span> <span class='ocrx_word' id='word_1_286' title='bbox 1276 3452 1340 3507; x_wconf 90' lang='lat' dir='ltr'>tor-</span> 
     </span>
     <span class='ocr_line' id='line_1_34' title="bbox 188 3543 1341 3630; baseline 0.002 -27"><span class='ocrx_word' id='word_1_287' title='bbox 188 3551 306 3607; x_wconf 76' lang='lat' dir='ltr'>menta</span> <span class='ocrx_word' id='word_1_288' title='bbox 333 3544 474 3630; x_wconf 84' lang='lat' dir='ltr'>pectoris</span> <span class='ocrx_word' id='word_1_289' title='bbox 503 3543 671 3608; x_wconf 82' lang='lat' dir='ltr'>fateretur.</span> <span class='ocrx_word' id='word_1_290' title='bbox 718 3543 808 3607; x_wconf 85' lang='lat' dir='ltr'>Odor</span> <span class='ocrx_word' id='word_1_291' title='bbox 835 3566 868 3607; x_wconf 90' lang='lat' dir='ltr'>es</span> <span class='ocrx_word' id='word_1_292' title='bbox 901 3565 978 3629; x_wconf 85' lang='lat' dir='ltr'>mag</span> <span class='ocrx_word' id='word_1_293' title='bbox 1005 3543 1058 3608; x_wconf 88' lang='lat' dir='ltr'>die</span> <span class='ocrx_word' id='word_1_294' title='bbox 1086 3543 1248 3629; x_wconf 84' lang='lat' dir='ltr'>Analogie</span> <span class='ocrx_word' id='word_1_295' title='bbox 1277 3564 1341 3607; x_wconf 90' lang='lat' dir='ltr'>von</span> 
     </span>
     <span class='ocr_line' id='line_1_35' title="bbox 178 3635 1340 3730; baseline 0.003 -27"><span class='ocrx_word' id='word_1_296' title='bbox 178 3635 369 3716; x_wconf 79' lang='lat' dir='ltr'>prohibere</span> <span class='ocrx_word' id='word_1_297' title='bbox 405 3668 446 3709; x_wconf 86' lang='lat' dir='ltr'>zu</span> <span class='ocrx_word' id='word_1_298' title='bbox 482 3646 618 3712; x_wconf 85' lang='lat' dir='ltr'>Grunde</span> <span class='ocrx_word' id='word_1_299' title='bbox 653 3645 770 3730; x_wconf 88' lang='lat' dir='ltr'>liegeu.</span> <span class='ocrx_word' id='word_1_300' title='bbox 815 3646 851 3729; x_wconf 89' lang='lat'>6,</span> <span class='ocrx_word' id='word_1_301' title='bbox 880 3645 921 3710; x_wconf 87' lang='lat'>38</span> <span class='ocrx_word' id='word_1_302' title='bbox 955 3668 1020 3712; x_wconf 91' lang='lat' dir='ltr'>nou</span> <span class='ocrx_word' id='word_1_303' title='bbox 1054 3647 1140 3709; x_wconf 90' lang='lat' dir='ltr'>enim</span> <span class='ocrx_word' id='word_1_304' title='bbox 1170 3645 1340 3711; x_wconf 88' lang='lat' dir='ltr'>Tiberium</span> 
     </span>
     <span class='ocr_line' id='line_1_36' title="bbox 177 3740 1341 3835; baseline -0.003 -23"><span class='ocrx_word' id='word_1_305' title='bbox 177 3740 326 3828; x_wconf 73' lang='lat' dir='ltr'>tempua</span> <span class='ocrx_word' id='word_1_306' title='bbox 349 3768 463 3834; x_wconf 88' lang='lat' dir='ltr'>preces</span> <span class='ocrx_word' id='word_1_307' title='bbox 480 3748 579 3812; x_wconf 86' lang='lat' dir='ltr'>satias</span> <span class='ocrx_word' id='word_1_308' title='bbox 595 3747 791 3832; x_wconf 87' lang='lat' dir='ltr'>mitigabant</span> <span class='ocrx_word' id='word_1_309' title='bbox 804 3771 835 3835; x_wconf 91' lang='lat' dir='ltr'>q.</span> <span class='ocrx_word' id='word_1_310' title='bbox 853 3749 978 3813; x_wconf 87' lang='lat' dir='ltr'>ineerta</span> <span class='ocrx_word' id='word_1_311' title='bbox 994 3785 1029 3794; x_wconf 80' lang='lat'>—</span> <span class='ocrx_word' id='word_1_312' title='bbox 1055 3746 1196 3834; x_wconf 88' lang='lat' dir='ltr'>puniret.</span> <span class='ocrx_word' id='word_1_313' title='bbox 1235 3750 1283 3830; x_wconf 90' lang='grc'>11,</span> <span class='ocrx_word' id='word_1_314' title='bbox 1299 3746 1341 3810; x_wconf 94' lang='grc'>22</span> 
     </span>
    </p>

    <p class='ocr_par' dir='ltr' id='par_1_9' title="bbox 162 3848 1340 4139">
     <span class='ocr_line' id='line_1_37' title="bbox 168 3848 1340 3938; baseline 0 -26"><span class='ocrx_word' id='word_1_315' title='bbox 168 3848 221 3938; x_wconf 74' lang='lat' dir='ltr'>pe</span> <span class='ocrx_word' id='word_1_316' title='bbox 248 3858 350 3914; x_wconf 78' lang='lat' dir='ltr'>aetas</span> <span class='ocrx_word' id='word_1_317' title='bbox 366 3850 498 3938; x_wconf 90' lang='lat' dir='ltr'>quidem</span> <span class='ocrx_word' id='word_1_318' title='bbox 515 3849 788 3935; x_wconf 84' lang='lat' dir='ltr'>distinguebatur,</span> <span class='ocrx_word' id='word_1_319' title='bbox 812 3874 843 3937; x_wconf 94' lang='lat' dir='ltr'>q.</span> <span class='ocrx_word' id='word_1_320' title='bbox 859 3850 964 3936; x_wconf 90' lang='lat' dir='ltr'>prima</span> <span class='ocrx_word' id='word_1_321' title='bbox 986 3848 1122 3913; x_wconf 88' lang='lat' dir='ltr'>iuventa</span> <span class='ocrx_word' id='word_1_322' title='bbox 1137 3849 1340 3914; x_wconf 89' lang='lat' dir='ltr'>consulatum</span> 
     </span>
     <span class='ocr_line' id='line_1_38' title="bbox 164 3930 1339 4038; baseline 0 -23"><span class='ocrx_word' id='word_1_323' title='bbox 164 3930 327 4017; x_wconf 61' lang='lat' dir='ltr'>mirem.</span> <span class='ocrx_word' id='word_1_324' title='bbox 373 3952 427 4035; x_wconf 86' lang='grc'><strong>12,</strong></span> <span class='ocrx_word' id='word_1_325' title='bbox 449 3951 492 4017; x_wconf 86' lang='grc'>32</span> <span class='ocrx_word' id='word_1_326' title='bbox 520 3951 662 4018; x_wconf 89' lang='lat' dir='ltr'>Silurum</span> <span class='ocrx_word' id='word_1_327' title='bbox 685 3974 765 4038; x_wconf 85' lang='lat' dir='ltr'>gens</span> <span class='ocrx_word' id='word_1_328' title='bbox 795 3976 858 4018; x_wconf 91' lang='lat' dir='ltr'>non</span> <span class='ocrx_word' id='word_1_329' title='bbox 882 3952 1055 4017; x_wconf 87' lang='lat' dir='ltr'>elementia</span> <span class='ocrx_word' id='word_1_330' title='bbox 1077 3951 1280 4033; x_wconf 87' lang='lat' dir='ltr'>mutabatur,</span> <span class='ocrx_word' id='word_1_331' title='bbox 1308 3974 1339 4037; x_wconf 92' lang='lat' dir='ltr'>q.</span> 
     </span>
     <span class='ocr_line' id='line_1_39' title="bbox 162 4020 1339 4139; baseline 0.001 -24"><span class='ocrx_word' id='word_1_332' title='bbox 162 4020 318 4118; x_wconf 62' lang='lat' dir='ltr'>bellum</span> <span class='ocrx_word' id='word_1_333' title='bbox 342 4064 519 4119; x_wconf 86' lang='lat' dir='ltr'>exerceret.</span> <span class='ocrx_word' id='word_1_334' title='bbox 558 4054 640 4136; x_wconf 79' lang='lat' dir='ltr'>(uie.</span> <span class='ocrx_word' id='word_1_335' title='bbox 664 4055 717 4118; x_wconf 91' lang='lat' dir='ltr'>fin.</span> <span class='ocrx_word' id='word_1_336' title='bbox 742 4054 763 4118; x_wconf 92' lang='grc'>2</span> <span class='ocrx_word' id='word_1_337' title='bbox 785 4059 816 4137; x_wconf 67' lang='grc' dir='ltr'>ς.</span> <span class='ocrx_word' id='word_1_338' title='bbox 842 4056 881 4120; x_wconf 88' lang='grc'><strong>19</strong></span> <span class='ocrx_word' id='word_1_339' title='bbox 904 4076 997 4121; x_wconf 87' lang='lat' dir='ltr'>nemo</span> <span class='ocrx_word' id='word_1_340' title='bbox 1027 4053 1212 4117; x_wconf 87' lang='lat' dir='ltr'>immutavit</span> <span class='ocrx_word' id='word_1_341' title='bbox 1235 4052 1339 4139; x_wconf 89' lang='lat' dir='ltr'>quin.)</span> 
     </span>
    </p>
   </div>
   <div class='ocr_carea' id='block_1_5' title="bbox 158 4122 1339 4325">
    <p class='ocr_par' dir='ltr' id='par_1_10' title="bbox 158 4122 1339 4325">
     <span class='ocr_line' id='line_1_40' title="bbox 158 4122 1339 4319; baseline 0.003 -101"><span class='ocrx_word' id='word_1_342' title='bbox 158 4122 237 4294; x_wconf 43' lang='lat'><strong>(¹122</strong></span> <span class='ocrx_word' id='word_1_343' title='bbox 260 4152 315 4319; x_wconf 50' lang='lat'>{4</span> <span class='ocrx_word' id='word_1_344' title='bbox 336 4156 394 4221; x_wconf 88' lang='lat' dir='ltr'>sed</span> <span class='ocrx_word' id='word_1_345' title='bbox 417 4179 480 4222; x_wconf 93' lang='lat' dir='ltr'>non</span> <span class='ocrx_word' id='word_1_346' title='bbox 505 4156 683 4221; x_wconf 88' lang='lat' dir='ltr'>decedebat</span> <span class='ocrx_word' id='word_1_347' title='bbox 708 4157 843 4223; x_wconf 81' lang='lat' dir='ltr'>infamia</span> <span class='ocrx_word' id='word_1_348' title='bbox 865 4180 896 4245; x_wconf 88' lang='lat' dir='ltr'>q.</span> <span class='ocrx_word' id='word_1_349' title='bbox 919 4158 1042 4221; x_wconf 89' lang='lat' dir='ltr'>iussum</span> <span class='ocrx_word' id='word_1_350' title='bbox 1065 4154 1248 4220; x_wconf 85' lang='lat' dir='ltr'>incendium</span> <span class='ocrx_word' id='word_1_351' title='bbox 1272 4176 1339 4221; x_wconf 87' lang='lat' dir='ltr'>cre·</span> 
     </span>
     <span class='ocr_line' id='line_1_41' title="bbox 237 4262 339 4325; baseline 0.049 -5"><span class='ocrx_word' id='word_1_352' title='bbox 237 4262 268 4308; x_wconf 69' lang='grc' dir='ltr'><strong>Θ</strong></span> <span class='ocrx_word' id='word_1_353' title='bbox 291 4278 339 4325; x_wconf 87' lang='lat' dir='ltr'>ur.</span> 
     </span>
    </p>
   </div>
   <div class='ocr_carea' id='block_1_6' title="bbox 0 0 1483 4988">
    <p class='ocr_par' dir='ltr' id='par_1_11' title="bbox 0 0 1483 4988">
     <span class='ocr_line' id='line_1_42' title="bbox 0 0 1483 4988; baseline 0 0"><span class='ocrx_word' id='word_1_354' title='bbox 0 0 1483 4988; x_wconf 95' lang='lat' dir='ltr'> </span> 
     </span>
    </p>
   </div>
  </div>
 </body>
</html>
