2948 4988
580 293 812 357 -139-

125 464 252 530 quaeve
274 464 383 530 opera.
412 442 464 507 Ib.
487 465 614 530 quaeve
636 442 763 529 reliqua
788 463 887 529 opera
909 451 994 505 sunt.
1044 444 1119 507 Aus-
1144 441 1271 507 Ennius

126 547 214 610 citirt
235 567 314 610 man
336 566 432 627 quove
459 545 525 609 und
548 566 688 628 1111111.
732 543 868 608 Plautus
895 544 978 608 wird
999 543 1091 608 nicht
1114 545 1271 624 ervvttbnt,

106 645 212 722 daun
247 645 329 711 aber
350 646 434 710 Ter.
457 645 562 711 Andr.
584 641 620 730 4,
639 647 670 729 4,
694 645 714 710 9
742 668 822 731 puer
854 645 907 708 bic
939 643 1027 707 unde
1056 646 1128 708 est?
1155 646 1271 730 quisve
1409 651 1412 660 '

124 746 188 811 buc
210 747 345 812 attulit?
367 745 448 811 Hec.
470 749 500 827 4,
523 748 554 828 2,
580 748 619 812 19
641 757 678 811 ut
698 769 740 836 ne
762 749 813 811 cui
840 783 878 794 -
899 748 1008 810 obstet
1022 755 1200 809 mortemve
1215 767 1271 809 ex-

123 856 252 934 spectet
279 869 393 914 meam.
422 849 455 930 5,
479 850 506 928 l,
532 849 570 913 13
593 850 621 913 si
644 849 726 912 facis
750 847 920 913 facturave
943 867 987 910 es.
1030 846 1162 912 Phorm.
1185 847 1217 924 3,
1239 848 1270 927 3,

123 950 164 1013 21
187 971 229 1013 ne
252 950 333 1035 quid
354 949 427 1036 plus
451 952 600 1015 minusve
621 951 715 1017 faxit.

210 1050 355 1117 Cicero
376 1051 558 1136 gebraucht
578 1073 622 1135 ue,
644 1051 708 1116 vvie
730 1074 765 1116 es
787 1052 923 1132 scheint,
947 1053 1190 1135 vorzugsvveise
1213 1073 1272 1115 zur

123 1151 345 1238 Verbindung
366 1175 430 1218 von
454 1152 697 1237 Zahlbegriffen
719 1152 786 1216 nnd
810 1175 873 1217 von
891 1153 1056 1234 Wbrtern,
1081 1152 1135 1217 die
1149 1153 1285 1238 gleicb-‘

123 1258 248 1339 artiger
264 1253 413 1338 Bildung
430 1254 509 1318 oder
525 1253 675 1338 gleichen
689 1254 850 1318 Stammes
869 1252 963 1318 sind:
986 1255 1056 1318 Att.
1075 1255 1104 1327 6,
1123 1256 1151 1336 1,
1166 1256 1186 1319 3
1200 1240 1271 1318 'duo

122 1369 245 1422 tresve.
278 1356 308 1436 7,
331 1356 372 1420 23
401 1355 502 1421 biduo
531 1356 692 1420 triduove.
737 1355 820 1420 Phil.
846 1357 895 1439 14,
917 1357 937 1420 6
960 1355 1088 1420 duabus
1111 1357 1271 1421 tribusve.

121 1459 154 1542 5,
180 1458 221 1524 19
243 1455 327 1521 alter
358 1459 506 1522 ambove.
543 1480 574 1542 p.
605 1456 766 1522 Flaccob
793 1455 866 1542 plus
895 1457 1055 1520 minusve.
1106 1456 1173 1520 div.
1195 1456 1271 1537 2,2

121 1561 231 1624 maius
259 1557 428 1633 meliusve.
460 1581 490 1644 p.
518 1558 614 1626 domo
637 1559 829 1623 2811111111
856 1557 1061 1623 tantulumve
1089 1556 1270 1622 consilium.

121 1664 191 1727 inv.
217 1652 248 1742 1,
270 1660 313 1725 56
345 1682 426 1746 quas
461 1661 548 1744 passi
580 1663 810 1747 perpessurive
843 1662 918 1724 sint.
962 1660 1037 1743 2,9
1070 1658 1193 1745 aliquid
1223 1659 1270 1722 fa-

121 1761 232 1828 ciendi
256 1784 323 1826 non
344 1761 542 1825 faciendive.
571 1761 625 1827 fin.
653 1765 681 1844 1,
706 1762 746 1825 14
767 1761 846 1848 quid
861 1761 1048 1826 laciendum
1068 1783 1134 1824 non
1150 1761 1269 1825 facien·

121 1866 247 1930 dumve
275 1866 327 1930 sit.
365 1862 417 1926 off.
443 1866 472 1946 1,
494 1862 537 1927 28
565 1861 644 1949 quid
674 1862 863 1928 faciendum
890 1864 1124 1949 fugiendumve
1153 1862 1205 1926 sit.
1230 1899 1270 1909 —

120 1966 227 2031 Einer
258 1964 459 2049 Negation
491 1963 745 2049 untergeordnet
778 1964 832 2028 bei
860 1965 972 2050 Virg.
997 1967 1038 2028 A.
1063 1966 1092 2047 7,
1116 1964 1179 2028 805
1205 1985 1271 2029 non

121 2066 182 2131 illa
212 2064 286 2131 colo
319 2063 512 2132 calathisve.
533 2103 577 2113 -
598 2066 683 2130 Liv.
709 2068 736 2150 1,
759 2067 801 2130 20
834 2066 941 2130 aliove
972 2086 1035 2151 quo
1065 2067 1145 2132 viso.
1177 2067 1204 2145 1,
1227 2065 1270 2129 54

121 2169 203 2256 quid
236 2165 335 2232 vellet
366 2189 485 2254 parens
518 2168 640 2252 quidve
672 2170 883 2255 praeciperet.
914 2169 943 2247 5,
970 2169 1009 2233 15
1031 2187 1172 2232 causave
1205 2188 1271 2252 qua

120 2271 198 2338 alia.
229 2268 260 2349 5,
282 2268 326 2333 54
347 2266 488 2334 aliamve
511 2291 608 2354 quam
630 2271 756 2335 urbem.
788 2269 880 2352 7,·4l
906 2271 976 2334 ioco
993 2269 1129 2333 seriove.
1152 2269 1204 2350 37,
1227 2267 1269 2331 26

120 2384 214 2437 terra
228 2371 364 2434 marive.
393 2371 445 2453 38,
469 2370 489 2435 9
504 2380 626 2435 tactum
641 2370 850 2436 violatumve.
879 2372 932 2452 42,
955 2371 997 2435 50
1011 2369 1269 2435 Samothraciam

123 2471 269 2537 aliamve
289 2493 386 2558 quam
409 2472 559 2537 insulam.
583 2510 623 2518 —
647 2473 705 2538 Bei
729 2472 889 2557 Spateren
912 2470 1054 2540 ahnlioh.

208 2573 239 2641 2.
279 2572 325 2637 Ve
354 2610 394 2620 -
427 2595 462 2639 ue
500 2574 808 2662 correspondirend,
841 2598 903 2639 nur
940 2573 1151 2651 dichterisch,
1190 2573 1269 2637 aber

122 2674 226 2740 sehon
255 2674 341 2738 Enn.
371 2695 422 2758 ap.
446 2673 530 2738 Gall.
558 2676 607 2758 12,
629 2677 659 2756 4,
681 2677 703 2740 4
729 2676 785 2762 qui
819 2676 922 2743 multa
954 2676 1086 2766 loquive
1119 2685 1269 2739 tacereve

122 2792 245 2865 posset.
291 2775 401 2860 Virg.
434 2777 517 2840 Aen.
548 2777 579 2858 9,
608 2777 668 2841 211
704 2780 732 2841 si
758 2815 800 2825 —
826 2779 933 2863 rapiat
967 2799 1104 2842 casusve
1137 2775 1268 2840 deusve.

121 2879 231 2964 (Aber
254 2877 302 2956 12,
324 2877 386 2941 321
416 2876 501 2941 steht
524 2881 624 2965 jetzt:
654 2901 792 2943 casusne
820 2878 963 2966 deusne).
1009 2880 1076 2944 Cir.
1106 2878 1168 2942 278
1195 2898 1269 2940 nam

121 2984 188 3046 nisi
210 2990 244 3043 te
267 3016 304 3026 —-
329 3000 467 3042 casusve
489 2978 612 3043 deusve
635 2979 775 3044 tulisset.
811 2981 985 3062 (Dasselbc
1007 2981 1089 3045 auch
1113 2982 1165 3044 bei
1182 2948 1280 3044 Ovid‘
1410 3054 1414 3060 Δ

118 3093 200 3148 met.
227 3081 276 3157 14,
301 3079 363 3143 162
385 3080 442 3163 qui
465 3088 497 3143 te
520 3102 658 3145 casusve
674 3081 798 3145 deusve
820 3082 968 3167 servat?)
992 3083 1086 3149 Hor.
1111 3092 1170 3145 sat.
1193 3081 1223 3160 2,
1241 3083 1269 3162 7,

117 3186 165 3250 64
187 3206 253 3247 non
276 3218 316 3228 -
338 3189 487 3245 mutatve
509 3181 579 3246 loco
602 3191 769 3266 peccatve.
807 3183 922 3248 Ovid.
946 3184 1022 3250 fast.
1045 3185 1075 3265 5,
1101 3184 1160 3247 110
1182 3182 1270 3267 plus-

116 3309 163 3351 ve
191 3286 352 3348 minusve.
397 3292 473 3347 met.
499 3284 1079 3370 1149311111111111111111111.
1123 3286 1210 3348 trist.
1241 3287 1269 3363 1,

114 3388 149 3467 2,
174 3387 218 3451 31
241 3384 321 3471 quid
336 3381 487 3469 fugiatve
502 3396 644 3470 petatve.
681 3409 722 3451 m.
749 3387 797 3468 15,
820 3387 974 3468 2151111,
997 3386 1084 3473 quod
1107 3387 1270 3451 fuimusve

115 3508 292 3565 minusve,
317 3486 542 3552 eraserimus.
573 3487 660 3552 Val.
686 3486 819 3552 Flaoc.
841 3490 873 3571 3,
895 3490 959 3554 514
974 3492 1046 3574 quis
1070 3526 1108 3536 -
1132 3509 1269 3552 casusve

114 3589 268 3655 laborve.

10 3688 14 3705 '
206 3691 238 3755 3.
282 3690 609 3776 Abvvechselung
647 3691 716 3756 und
753 3692 1086 3778 Abweiohungen
1123 3693 1167 3755 im
1206 3693 1268 3755 Ge-

114 3790 268 3859 braucbe
289 3812 356 3855 von
377 3813 421 3857 ue.

208 3896 244 3972 a)
271 3893 343 3957 Auf
368 3898 426 3958 uret
451 3892 537 3977 folgt
563 3917 599 3960 uc
627 3895 711 3961 ohne
739 3896 1012 3982 Oorresponsion:
1047 3896 1141 3979 Virg.
1166 3896 1207 3960 A.
1239 3895 1267 3972 1,

113 3995 184 4062 369
207 3994 268 4058 sed
290 4014 349 4059 vos
373 3995 429 4081 qui
452 3994 593 4076 tandem,
617 3998 736 4083 quibus
759 4009 816 4061 aut
843 4000 980 4062 venistis
1008 3999 1050 4062 ab
1073 3997 1137 4059 oris
1163 4015 1269 4080 quove

116 4095 246 4162 tenetis
279 4095 365 4159 iter?
398 4097 460 4160 1111
487 4096 745 4184 Unterordnung
779 4099 910 4164 (11111.ι
937 4100 967 4180 6,
991 4099 1054 4162 614
1081 4119 1122 4160 ne
1149 4114 1270 4181 quaere

115 4196 244 4274 doceri,
268 4218 364 4281 quam
387 4219 535 4282 poenam,
558 4209 615 4263 aut
636 4223 720 4285 quae
742 4203 847 4265 forma
876 4203 966 4264 viros
989 4203 1164 4264 fortunave
1186 4216 1268 4258 mer-

116 4299 177 4362 sit.
211 4298 260 4374 10,
283 4297 324 4362 93
346 4308 402 4363 aut
423 4319 484 4383 ego
507 4298 572 4383 tela
599 4299 675 4364 dedi
704 4302 815 4366 fovive
838 4300 998 4387 Cupidine
1021 4297 1167 4363 bellum?
1189 4296 1267 4360 Urn-

118 4396 263 4485 gekehrt
285 4397 369 4485 folgt
390 4399 449 4465 auf
468 4423 504 4470 ve
525 4403 578 4466 ein
600 4401 698 4468 Glied
721 4404 781 4469 mit
802 4409 876 4469 aut:
910 4403 1020 4490 Prop.
1043 4401 1072 4486 2,
1099 4404 1128 4483 1,
1151 4399 1192 4465 23
1218 4418 1266 4461 re·
