2924 4994
549 169 582 178 -
632 132 695 196 452
740 170 778 180 -

176 300 207 364 b.
234 299 297 380 Qut
324 300 450 382 „wie,“
475 300 587 370 Ablat.
615 324 679 366 ven
713 304 805 386 quid,
838 304 881 368 ist
914 324 1004 368 zwar
1030 302 1066 366 in
1097 301 1271 366 direct..⁴

91 401 198 485 Frage
219 400 342 485 hdufig,
366 401 456 467 nicht
479 402 558 468 aber
580 405 612 467 in
640 403 825 469 indirecter.
872 408 942 469 Ans
965 404 1029 468 den
1052 401 1223 468 Komikoe
1262 430 1271 470 :

90 503 221 568 werden
243 525 305 567 nur
326 504 378 567 ein
401 527 480 591 paer
503 503 626 570 Stellen
653 505 758 586 citirt,
786 507 910 570 sodann
934 506 1014 571 Cic.
1041 515 1130 591 part.
1160 526 1271 573 0r=

89 604 141 683 26,
165 605 204 668 91
228 603 470 685 ucdoceamus,
493 607 550 693 qui
573 606 658 672 bona
679 607 833 693 consequi
862 606 1012 693 malaque
1035 608 1144 672 vitare
1167 630 1271 694 ps:

91 707 202 771 simne.
239 705 394 793 (Zufolge
410 707 469 771 der
485 707 665 773 Seltenheit
682 710 741 772 mit
757 707 818 772 den
837 707 1083 793 corrigirenden
1101 707 1271 775 varin

89 816 161 873 ten:
184 830 294 894 quare,
311 831 374 896 qua
396 811 462 892 via,
485 809 622 896 quavi.)
659 808 793 874 Scheiut
809 811 860 874 bei
885 809 951 873 ilrm
966 809 1136 895 (ebgleich
1157 809 1271 878 eft

91 910 208 992 direct)
232 909 323 974 nicht
345 911 458 975 weiter
483 911 749 977 vorzukommen.
788 910 918 975 Anders
942 912 999 975 ist:
1023 909 1067 975 ad
1091 912 1166 975 Att.
1191 915 1271 978 ΣΙ

89 1013 141 1092 23,
164 1013 183 1076 3
206 1035 257 1076 me
282 1049 319 1058 —
343 1011 474 1090 habere,
498 1015 554 1098 qui
576 1010 787 1093 utar„laeter
810 1014 866 1096 (ε
887 1012 1027 1095 aliquid,
1052 1034 1119 1098 qno
1143 1023 1255 1076 uta.

89 1113 203 1179 Oefter
225 1113 278 1178 bei
300 1112 455 1177 Livius:
478 1117 508 1193 3,
531 1116 583 1198 39,
605 1114 625 1177 6
649 1135 753 1200 neque
784 1136 819 1179 se
843 1115 973 1193 videre,
1003 1114 1061 1201 qui
1091 1113 1159 1178 sibi
1182 1137 1271 1179 ιι

88 1237 150 1279 nus
172 1253 212 1262 —
237 1214 341 1278 liceat.
365 1215 423 1297 30,
456 1215 495 1279 10
517 1215 571 1303 qui
594 1218 679 1280 enim
703 1215 902 1280 restitissent
925 1225 983 1279 ctt.
1005 1215 1059 1297 42,
1075 1215 1121 1279 50
1135 1235 1271 1301 neq]

90 1316 220 1379 hercule
248 1315 377 1392 videre,
407 1317 463 1401 qui
492 1317 673 1381 conveniet.
713 1316 1037 1398 (11111161111111111
1067 1315 1099 1397 2,
1123 1316 1145 1379 4
1167 1337 1271 1379 na

87 1416 183 1482 aliter
210 1418 266 1504 qui
301 1415 480 1482 credituros
510 1440 564 1482 ees
593 1427 650 1482 etl.
678 1420 736 1501 29,
765 1419 808 1482 20
833 1419 891 1504 qui
920 1419 1005 1482 enim
1035 1416 1271 1482 convenire

87 1518 178 1584 Aber
200 1517 388 1583 relativisch
417 1519 470 1583 bei
499 1519 629 1607 Nepos
653 1522 689 1602 3,
712 1522 744 1602 3,
767 1520 788 1583 2
810 1531 863 1601 ut,
893 1519 949 1606 qui
979 1519 1157 1601 („wofiir,“
1204 1518 1271 1580 12

89 1618 326 1701 strumentnlis)
349 1620 526 1703 efferretur,
550 1623 609 1686 vix
631 1619 810 1708 reliquerit.
857 1618 934 1704 Vgl.
962 1621 1046 1684 oben
1060 1608 1227 1685 Cicero,

172 1742 200 1783 c.
224 1720 291 1786 Cur
312 1721 437 1785 kommt
459 1723 501 1787 im
525 1722 633 1787 alten
656 1723 784 1801 Latein,
808 1744 857 1787 we
874 1742 907 1785 es
931 1719 1139 1805 gewdhnlich
1161 1736 1271 1803 qm

87 1828 143 1910 (ε
165 1824 240 1910 quoi
264 1822 323 1905 rei)
348 1823 560 1912 geschrieben
590 1825 687 1906 wind,
718 1825 785 1888 fast
812 1846 875 1906 nur
903 1824 938 1887 in
967 1821 1112 1887 directer
1135 1822 1271 1900 lsi-ag

86 1948 155 2005 vor,
178 1924 281 1989 selten
304 1923 497 2006 indirect,
527 1928 588 1990 wie
610 1925 740 1990 Plaut.
764 1925 865 1990 Stich.
888 1925 930 1989 52
957 1944 1063 2010 neque
1086 1934 1137 1988 est
1158 1937 1271 2009 quor

86 2028 235 2091 studeam
257 2024 315 2089 hes
337 2027 469 2113 nuptias
493 2029 657 2092 mutarier.
702 2026 788 2090 Ter.
812 2024 916 2090 Andr.
943 2025 1004 2090 103
1033 2024 1116 2111 quid
1138 2024 1271 2110 igitur

86 2130 195 2194 obstat
223 2114 305 2214 quor
332 2150 397 2192 non
426 2129 532 2194 fiant?
576 2130 693 2194 Heaut.
718 2126 798 2212 prol.
824 2128 840 2190 1
870 2126 991 2213 nequei
1020 2128 1064 2191 sit
1091 2137 1266 2191 vostrum

85 2233 204 2296 mirum
231 2252 311 2316 quor
339 2231 441 2314 pertis
471 2233 541 2296 seni
568 2241 666 2319 poeta
701 2229 829 2294 dederit
856 2228 893 2314 (i.
917 2250 946 2293 e.
976 2228 1056 2314 quid
1085 2228 1130 2292 sit
1154 2221 1262 2298 curl·

86 2333 180 2399 Mehr
202 2332 284 2397 wird
307 2331 399 2397 nicht
420 2333 604 2417 engefiihrt.

171 2435 242 2500 Scit
264 2431 323 2497 der
346 2432 603 2499 klassischen
626 2435 700 2498 Zeit
722 2432 804 2497 wird
820 2432 879 2497 der
895 2430 1073 2498 Gebrauch
1097 2453 1164 2496 ven
1191 2438 1257 2489 eur

86 2540 119 2601 in
141 2537 367 2601 Nebenslitzen
390 2538 465 2600 sehr
488 2536 599 2621 haufig
622 2535 689 2600 und
712 2533 922 2619 manniglach
945 2533 1012 2598 und
1038 2554 1126 2598 zwar

171 2661 201 2699 α.
224 2639 391 2721 abhangig
414 2661 476 2702 vnn
493 2639 597 2702 ciuem
622 2639 842 2722 Fragesatz
866 2635 946 2700 oder
969 2636 1075 2698 einem
1092 2631 1247 2700 Verbum

86 2739 276 2827 quaerendi:
307 2739 385 2804 Cic.
416 2763 447 2824 p.
477 2739 607 2803 Cluent.
630 2741 672 2803 53
701 2737 780 2826 quid
813 2747 862 2801 est
891 2759 950 2801 eur
972 2774 1014 2784 —
1037 2726 1179 2800 sedeas?
1212 2744 1239 2805 P¹

86 2842 175 2906 Cael.
199 2842 240 2904 20
262 2842 339 2926 quid
363 2851 413 2905 est
435 2863 493 2904 cur
516 2863 573 2904 nos
596 2841 718 2904 crimen
740 2840 802 2904 lroc
825 2877 866 2885 -
890 2831 1184 2925 pertimescamus?
1211 2843 1233 2906 P

86 2943 203 3009 Flacco
229 2944 248 3005 2
271 2941 350 3027 quid
375 2952 423 3005 est
446 2963 563 3005 causae
586 2964 643 3005 cur
665 2964 729 3005 non
755 2979 791 2989 -
816 2939 1053 3027 pertimescat‘.>
1076 2939 1130 3002 fin.
1149 2937 1174 3010 1,
1199 2921 1230 2985 ll

85 3044 164 3131 quid
189 3054 238 3108 est
260 3065 318 3107 cur
341 3044 478 3107 verear?
505 3046 530 3122 l,
558 3044 597 3105 14
619 3045 696 3127 quid
726 3053 775 3107 est
798 3064 856 3107 cur
880 3039 1093 3107 dubitemus?
1120 3039 1160 3102 de
1183 3040 1222 3090 ⁰¹

84 3148 116 3227 3,
139 3146 181 3210 48
204 3144 281 3228 quid
310 3154 359 3209 est
387 3144 476 3208 aliud
505 3167 621 3208 causae
650 3169 707 3208 cui·
738 3144 952 3230 repudietur?
991 3140 1082 3206 Lael.
1111 3140 1160 3218 13,
1188 3121 1217 3187 4

85 3271 166 3330 quae
189 3269 288 3312 causa
311 3258 361 3310 est
383 3269 441 3309 cru
463 3247 637 3309 amicitiam
664 3246 810 3310 funditus
834 3244 987 3310 tollamus
1004 3267 1022 3308 e
1041 3243 1132 3308 vite?
1151 3237 1209 3300 let

85 3351 114 3428 2,
134 3350 218 3430 13,2
241 3346 318 3433 quid
338 3359 387 3410 cst
409 3370 526 3411 causae
549 3371 662 3410 1111-
680 3347 746 3410 sit?
769 3350 799 3427 3,
819 3348 866 3428 10,
883 3348 903 3411 8
926 3347 1005 3432 quid
1032 3357 1100 3409 erat
1114 3348 1202 3406 antei

85 3472 142 3513 eur
165 3472 225 3533 ego
247 3452 280 3512 in
303 3457 336 3510 te
359 3459 423 3511 tarn
453 3447 670 3534 implacabilis
698 3450 826 3512 essem?
854 3449 885 3530 2,
911 3449 962 3529 16,
991 3450 1030 3511 10
1056 3444 1133 3533 quid
1151 3455 1195 3515 eri

84 3551 220 3628 accidit,
243 3573 300 3613 cur
322 3549 492 3613 consilium
524 3552 706 3614 mutarem?
736 3573 764 3634 p.
788 3549 917 3614 Cluent.
941 3551 982 3613 61
1012 3567 1128 3632 quaero
1147 3563 1188 3628 qui

85 3674 183 3715 causa
206 3688 247 3699 -
270 3651 369 3714 fuerit
392 3673 449 3714 cur
472 3652 653 3716 interficere
677 3651 895 3735 Oppianicum
920 3649 1031 3715 vellet.
1056 3674 1086 3736 p.
1110 3643 1181 3712 Sulla

85 3774 204 3841 quaere
227 3775 285 3817 cur
308 3773 358 3814 me
379 3773 399 3814 a
421 3755 537 3816 ceteris
563 3791 601 3799 -
625 3775 785 3815 secernas.
834 3751 927 3815 llben
958 3774 994 3815 so
1025 3776 1057 3838 p.
1081 3746 1170 3814 Arch.

88 3855 136 3917 12.
160 3853 236 3917 farn.
261 3854 290 3931 9,
313 3853 343 3929 2,
365 3853 395 3921 5,
420 3877 449 3916 n.
474 3853 505 3916 d.
533 3859 558 3936 1,
581 3855 634 3936 22,
657 3855 708 3920 60.

170 3957 239 4018 Aus
274 3952 415 4017 anderen
455 3954 712 4020 Schriftstellern
751 3955 833 4018 wird
872 3956 982 4040 wenig
1022 3955 1161 4041 mitgeth·

85 4054 221 4121 Catull
247 4057 296 4137 14,
319 4057 341 4118 4
370 4078 444 4120 num
472 4057 550 4143 quid
579 4059 642 4121 feci
670 4079 730 4141 ego
760 4056 882 4147 quidve
911 4078 983 4121 sum
1008 4056 1148 4138 locutus,

86 4178 137 4218 rue
159 4165 207 4220 tot
229 4155 312 4218 male
335 4158 488 4241 perderes
511 4158 640 4242 poetis?
678 4159 761 4221 Liv.
784 4158 837 4239 21,
861 4159 915 4236 43,
940 4159 980 4222 12
1003 4160 1085 4246 quid
1108 4165 1149 4221 esl

88 4252 136 4322 illi
159 4257 254 4324 vobis
277 4257 489 4344 comparandi
512 4259 600 4323 siut?
623 4261 652 4337 3,
676 4260 727 4338 38,
751 4261 770 4324 8
794 4259 954 4344 quidnam
975 4259 1142 4325 incidissel
