<?xml version="1.0" encoding="UTF-8"?>
<!DOCTYPE html PUBLIC "-//W3C//DTD XHTML 1.0 Transitional//EN"
    "http://www.w3.org/TR/xhtml1/DTD/xhtml1-transitional.dtd">
<html xmlns="http://www.w3.org/1999/xhtml" xml:lang="en" lang="en">
 <head>
  <title>
</title>
<meta http-equiv="Content-Type" content="text/html;charset=utf-8" />
  <meta name='ocr-system' content='tesseract 3.04.00' />
  <meta name='ocr-capabilities' content='ocr_page ocr_carea ocr_par ocr_line ocrx_word'/>
</head>
<body>
  <div class='ocr_page' id='page_1' title='image "./historischesynt01draegoog/historischesynt01draegoog_0728.png"; bbox 0 0 2948 4988; ppageno 0'>
   <div class='ocr_carea' id='block_1_1' title="bbox 547 310 842 384">
    <p class='ocr_par' dir='ltr' id='par_1_1' title="bbox 547 310 842 384">
     <span class='ocr_line' id='line_1_1' title="bbox 547 310 842 384; baseline 0.003 -1"><span class='ocrx_word' id='word_1_1' title='bbox 547 310 842 384; x_wconf 80' lang='grc' dir='ltr'>Ι-703-</span> 
     </span>
    </p>
   </div>
   <div class='ocr_carea' id='block_1_2' title="bbox 143 485 1301 4114">
    <p class='ocr_par' dir='ltr' id='par_1_2' title="bbox 147 485 1301 1487">
     <span class='ocr_line' id='line_1_2' title="bbox 151 485 1301 578; baseline 0.01 -30"><span class='ocrx_word' id='word_1_2' title='bbox 151 485 324 572; x_wconf 85' lang='lat' dir='ltr'>improbos</span> <span class='ocrx_word' id='word_1_3' title='bbox 347 509 368 550; x_wconf 90' lang='lat' dir='ltr'>a</span> <span class='ocrx_word' id='word_1_4' title='bbox 390 485 484 552; x_wconf 88' lang='lat' dir='ltr'>bonis</span> <span class='ocrx_word' id='word_1_5' title='bbox 512 487 619 552; x_wconf 89' lang='lat' dir='ltr'>fateor</span> <span class='ocrx_word' id='word_1_6' title='bbox 645 489 744 568; x_wconf 78' lang='lat' dir='ltr'>fuisse</span> <span class='ocrx_word' id='word_1_7' title='bbox 765 489 900 573; x_wconf 86' lang='lat' dir='ltr'>(direct:</span> <span class='ocrx_word' id='word_1_8' title='bbox 928 490 1005 577; x_wconf 86' lang='lat' dir='ltr'>fuit)</span> <span class='ocrx_word' id='word_1_9' title='bbox 1031 494 1249 578; x_wconf 87' lang='lat' dir='ltr'>praeclarum,</span> <span class='ocrx_word' id='word_1_10' title='bbox 1272 497 1301 559; x_wconf 90' lang='lat' dir='ltr'>si</span> 
     </span>
     <span class='ocr_line' id='line_1_3' title="bbox 151 587 1301 674; baseline 0.011 -25"><span class='ocrx_word' id='word_1_11' title='bbox 151 587 251 650; x_wconf 91' lang='lat' dir='ltr'>finem</span> <span class='ocrx_word' id='word_1_12' title='bbox 280 599 349 652; x_wconf 88' lang='lat' dir='ltr'>tum</span> <span class='ocrx_word' id='word_1_13' title='bbox 371 589 527 652; x_wconf 83' lang='lat' dir='ltr'>vincendi</span> <span class='ocrx_word' id='word_1_14' title='bbox 550 587 707 652; x_wconf 87' lang='lat' dir='ltr'>viderem.</span> <span class='ocrx_word' id='word_1_15' title='bbox 753 588 794 654; x_wconf 91' lang='lat' dir='ltr'>de</span> <span class='ocrx_word' id='word_1_16' title='bbox 817 613 884 659; x_wconf 90' lang='lat' dir='ltr'>sen.</span> <span class='ocrx_word' id='word_1_17' title='bbox 907 592 965 674; x_wconf 99' lang='grc'>23,</span> <span class='ocrx_word' id='word_1_18' title='bbox 987 593 1029 656; x_wconf 92' lang='grc'>82</span> <span class='ocrx_word' id='word_1_19' title='bbox 1051 604 1144 658; x_wconf 90' lang='lat' dir='ltr'>tanta</span> <span class='ocrx_word' id='word_1_20' title='bbox 1169 616 1233 661; x_wconf 83' lang='lat' dir='ltr'>esse</span> <span class='ocrx_word' id='word_1_21' title='bbox 1253 616 1301 661; x_wconf 83' lang='lat' dir='ltr'>co·</span> 
     </span>
     <span class='ocr_line' id='line_1_4' title="bbox 148 689 1300 776; baseline 0.009 -24"><span class='ocrx_word' id='word_1_22' title='bbox 148 693 246 753; x_wconf 76' lang='lat' dir='ltr'>natos</span> <span class='ocrx_word' id='word_1_23' title='bbox 269 690 381 772; x_wconf 76' lang='lat' dir='ltr'>(stattz</span> <span class='ocrx_word' id='word_1_24' title='bbox 405 700 578 754; x_wconf 83' lang='lat' dir='ltr'><strong>conaturos</strong></span> <span class='ocrx_word' id='word_1_25' title='bbox 601 689 717 776; x_wconf 88' lang='lat' dir='ltr'>fuisse)</span> <span class='ocrx_word' id='word_1_26' title='bbox 734 691 797 754; x_wconf 91' lang='lat' dir='ltr'>nisi</span> <span class='ocrx_word' id='word_1_27' title='bbox 812 694 919 757; x_wconf 89' lang='lat' dir='ltr'>animo</span> <span class='ocrx_word' id='word_1_28' title='bbox 942 705 1120 760; x_wconf 79' lang='lat' dir='ltr'>cernerent.</span> <span class='ocrx_word' id='word_1_29' title='bbox 1157 697 1233 761; x_wconf 87' lang='lat' dir='ltr'>fam.</span> <span class='ocrx_word' id='word_1_30' title='bbox 1252 698 1300 776; x_wconf 85' lang='lat'>13,</span> 
     </span>
     <span class='ocr_line' id='line_1_5' title="bbox 154 789 1301 882; baseline 0.009 -30"><span class='ocrx_word' id='word_1_31' title='bbox 154 790 205 871; x_wconf 92' lang='grc'>10,</span> <span class='ocrx_word' id='word_1_32' title='bbox 230 789 251 853; x_wconf 96' lang='grc'>3</span> <span class='ocrx_word' id='word_1_33' title='bbox 274 791 387 855; x_wconf 90' lang='lat' dir='ltr'>videor</span> <span class='ocrx_word' id='word_1_34' title='bbox 409 790 503 873; x_wconf 90' lang='lat' dir='ltr'>mihi,</span> <span class='ocrx_word' id='word_1_35' title='bbox 526 793 552 855; x_wconf 91' lang='lat' dir='ltr'>si</span> <span class='ocrx_word' id='word_1_36' title='bbox 576 792 666 877; x_wconf 88' lang='lat' dir='ltr'>prius</span> <span class='ocrx_word' id='word_1_37' title='bbox 690 814 821 856; x_wconf 87' lang='lat' dir='ltr'>cansam</span> <span class='ocrx_word' id='word_1_38' title='bbox 842 831 885 841; x_wconf 96' lang='lat'><em>-</em></span> <span class='ocrx_word' id='word_1_39' title='bbox 907 795 967 860; x_wconf 92' lang='lat' dir='ltr'>tibi</span> <span class='ocrx_word' id='word_1_40' title='bbox 989 799 1244 882; x_wconf 83' lang='lat' dir='ltr'>proposuissem,</span> <span class='ocrx_word' id='word_1_41' title='bbox 1266 799 1301 862; x_wconf 90' lang='lat' dir='ltr'>in</span> 
     </span>
     <span class='ocr_line' id='line_1_6' title="bbox 149 892 1300 981; baseline 0.008 -28"><span class='ocrx_word' id='word_1_42' title='bbox 149 892 226 977; x_wconf 91' lang='lat' dir='ltr'>ipsa</span> <span class='ocrx_word' id='word_1_43' title='bbox 240 912 340 955; x_wconf 88' lang='lat' dir='ltr'>causa</span> <span class='ocrx_word' id='word_1_44' title='bbox 354 893 548 978; x_wconf 87' lang='lat' dir='ltr'>exponenda</span> <span class='ocrx_word' id='word_1_45' title='bbox 563 892 642 958; x_wconf 89' lang='lat' dir='ltr'>satis</span> <span class='ocrx_word' id='word_1_46' title='bbox 659 894 757 957; x_wconf 90' lang='lat' dir='ltr'>etiam</span> <span class='ocrx_word' id='word_1_47' title='bbox 770 892 810 957; x_wconf 89' lang='lat' dir='ltr'>de</span> <span class='ocrx_word' id='word_1_48' title='bbox 825 894 987 979; x_wconf 80' lang='lat' dir='ltr'>probitate</span> <span class='ocrx_word' id='word_1_49' title='bbox 1000 898 1116 964; x_wconf 75' lang='grc'>(1161666</span> <span class='ocrx_word' id='word_1_50' title='bbox 1127 901 1182 981; x_wconf 83' lang='grc'>(--</span> <span class='ocrx_word' id='word_1_51' title='bbox 1194 898 1300 964; x_wconf 89' lang='lat' dir='ltr'>dictu-</span> 
     </span>
     <span class='ocr_line' id='line_1_7' title="bbox 151 992 1299 1080; baseline 0.008 -25"><span class='ocrx_word' id='word_1_52' title='bbox 151 1015 208 1056; x_wconf 88' lang='lat' dir='ltr'>rus</span> <span class='ocrx_word' id='word_1_53' title='bbox 232 992 359 1072; x_wconf 88' lang='lat' dir='ltr'>fuisse).</span> <span class='ocrx_word' id='word_1_54' title='bbox 397 994 483 1058; x_wconf 93' lang='lat' dir='ltr'>Liv.</span> <span class='ocrx_word' id='word_1_55' title='bbox 506 996 536 1076; x_wconf 88' lang='lat'>3,</span> <span class='ocrx_word' id='word_1_56' title='bbox 558 993 647 1073; x_wconf 77' lang='lat' dir='ltr'>50,ss</span> <span class='ocrx_word' id='word_1_57' title='bbox 669 995 732 1058; x_wconf 89' lang='lat' dir='ltr'>sibi</span> <span class='ocrx_word' id='word_1_58' title='bbox 755 996 859 1059; x_wconf 85' lang='lat' dir='ltr'>vitam</span> <span class='ocrx_word' id='word_1_59' title='bbox 881 995 969 1059; x_wconf 88' lang='lat' dir='ltr'>filiae</span> <span class='ocrx_word' id='word_1_60' title='bbox 990 1020 1049 1062; x_wconf 90' lang='lat' dir='ltr'>sua</span> <span class='ocrx_word' id='word_1_61' title='bbox 1071 1001 1227 1063; x_wconf 90' lang='lat' dir='ltr'>cariorem</span> <span class='ocrx_word' id='word_1_62' title='bbox 1246 1001 1299 1080; x_wconf 79' lang='lat' dir='ltr'>fu·</span> 
     </span>
     <span class='ocr_line' id='line_1_8' title="bbox 147 1093 1299 1175; baseline 0.006 -17"><span class='ocrx_word' id='word_1_63' title='bbox 147 1097 214 1158; x_wconf 82' lang='lat' dir='ltr'>isse</span> <span class='ocrx_word' id='word_1_64' title='bbox 242 1093 374 1175; x_wconf 77' lang='lat' dir='ltr'>(direett</span> <span class='ocrx_word' id='word_1_65' title='bbox 404 1095 510 1158; x_wconf 88' lang='lat' dir='ltr'>carior</span> <span class='ocrx_word' id='word_1_66' title='bbox 537 1094 628 1174; x_wconf 91' lang='lat' dir='ltr'>fuit),</span> <span class='ocrx_word' id='word_1_67' title='bbox 662 1095 689 1158; x_wconf 86' lang='lat' dir='ltr'>si</span> <span class='ocrx_word' id='word_1_68' title='bbox 718 1093 842 1160; x_wconf 82' lang='lat' dir='ltr'>liberae</span> <span class='ocrx_word' id='word_1_69' title='bbox 869 1097 983 1161; x_wconf 90' lang='lat' dir='ltr'>vivere</span> <span class='ocrx_word' id='word_1_70' title='bbox 1013 1097 1139 1164; x_wconf 89' lang='lat' dir='ltr'>licitum</span> <span class='ocrx_word' id='word_1_71' title='bbox 1172 1100 1299 1166; x_wconf 89' lang='lat' dir='ltr'>fuisset.</span> 
     </span>
     <span class='ocr_line' id='line_1_9' title="bbox 150 1195 1299 1280; baseline 0.004 -21"><span class='ocrx_word' id='word_1_72' title='bbox 150 1195 321 1278; x_wconf 88' lang='grc'>(35,15,3</span> <span class='ocrx_word' id='word_1_73' title='bbox 343 1195 388 1261; x_wconf 83' lang='grc'>161</span> <span class='ocrx_word' id='word_1_74' title='bbox 409 1218 471 1259; x_wconf 91' lang='lat' dir='ltr'>nur</span> <span class='ocrx_word' id='word_1_75' title='bbox 493 1195 636 1259; x_wconf 90' lang='lat' dir='ltr'>entfernt</span> <span class='ocrx_word' id='word_1_76' title='bbox 657 1195 788 1259; x_wconf 80' lang='lat' dir='ltr'>tthnlich</span> <span class='ocrx_word' id='word_1_77' title='bbox 811 1198 878 1261; x_wconf 91' lang='lat' dir='ltr'>und</span> <span class='ocrx_word' id='word_1_78' title='bbox 900 1197 935 1260; x_wconf 94' lang='lat' dir='ltr'>in</span> <span class='ocrx_word' id='word_1_79' title='bbox 957 1200 1010 1280; x_wconf 91' lang='grc'>35,</span> <span class='ocrx_word' id='word_1_80' title='bbox 1026 1200 1114 1278; x_wconf 88' lang='grc'>32,8</span> <span class='ocrx_word' id='word_1_81' title='bbox 1137 1200 1220 1266; x_wconf 87' lang='lat' dir='ltr'>fehlt</span> <span class='ocrx_word' id='word_1_82' title='bbox 1241 1203 1299 1266; x_wconf 90' lang='lat' dir='ltr'>der</span> 
     </span>
     <span class='ocr_line' id='line_1_10' title="bbox 149 1295 1297 1384; baseline 0.005 -25"><span class='ocrx_word' id='word_1_83' title='bbox 149 1296 462 1380; x_wconf 85' lang='lat' dir='ltr'>Bedingungssatz.)</span> <span class='ocrx_word' id='word_1_84' title='bbox 505 1295 618 1360; x_wconf 91' lang='lat' dir='ltr'>Dahin</span> <span class='ocrx_word' id='word_1_85' title='bbox 640 1295 757 1380; x_wconf 80' lang='lat' dir='ltr'>gelrdrt</span> <span class='ocrx_word' id='word_1_86' title='bbox 783 1298 866 1362; x_wconf 90' lang='lat' dir='ltr'>auch</span> <span class='ocrx_word' id='word_1_87' title='bbox 889 1299 978 1362; x_wconf 87' lang='lat' dir='ltr'>Tae.</span> <span class='ocrx_word' id='word_1_88' title='bbox 1003 1302 1083 1384; x_wconf 85' lang='lat' dir='ltr'>Agr.</span> <span class='ocrx_word' id='word_1_89' title='bbox 1106 1303 1127 1366; x_wconf 89' lang='lat'>4</span> <span class='ocrx_word' id='word_1_90' title='bbox 1149 1304 1297 1367; x_wconf 83' lang='lat' dir='ltr'>hausisse</span> 
     </span>
     <span class='ocr_line' id='line_1_11' title="bbox 151 1397 1045 1487; baseline 0.006 -27"><span class='ocrx_word' id='word_1_91' title='bbox 151 1402 206 1478; x_wconf 88' lang='lat'>(---</span> <span class='ocrx_word' id='word_1_92' title='bbox 228 1398 421 1462; x_wconf 83' lang='lat' dir='ltr'>hausturum</span> <span class='ocrx_word' id='word_1_93' title='bbox 444 1397 564 1479; x_wconf 81' lang='lat' dir='ltr'>fuisse3</span> <span class='ocrx_word' id='word_1_94' title='bbox 586 1397 666 1460; x_wconf 85' lang='lat' dir='ltr'>aber</span> <span class='ocrx_word' id='word_1_95' title='bbox 689 1397 807 1462; x_wconf 84' lang='lat' dir='ltr'>direct:</span> <span class='ocrx_word' id='word_1_96' title='bbox 829 1398 1045 1487; x_wconf 85' lang='lat' dir='ltr'>hauriebam).</span> 
     </span>
    </p>

    <p class='ocr_par' dir='ltr' id='par_1_3' title="bbox 147 1498 1296 2394">
     <span class='ocr_line' id='line_1_12' title="bbox 234 1498 1296 1587; baseline 0.005 -24"><span class='ocrx_word' id='word_1_97' title='bbox 234 1498 487 1563; x_wconf 85' lang='lat' dir='ltr'>Unausftihrbar</span> <span class='ocrx_word' id='word_1_98' title='bbox 508 1498 619 1563; x_wconf 84' lang='grc'>1616111</span> <span class='ocrx_word' id='word_1_99' title='bbox 642 1499 934 1585; x_wconf 88' lang='lat' dir='ltr'>periphrastischer</span> <span class='ocrx_word' id='word_1_100' title='bbox 949 1501 1096 1568; x_wconf 90' lang='lat' dir='ltr'>Infinitiv</span> <span class='ocrx_word' id='word_1_101' title='bbox 1113 1510 1296 1587; x_wconf 67' lang='grc'>1161111016-</span> 
     </span>
     <span class='ocr_line' id='line_1_13' title="bbox 150 1598 1295 1689; baseline 0.004 -25"><span class='ocrx_word' id='word_1_102' title='bbox 150 1602 225 1679; x_wconf 52' lang='grc'>1616·</span> <span class='ocrx_word' id='word_1_103' title='bbox 253 1598 322 1664; x_wconf 87' lang='lat' dir='ltr'>also</span> <span class='ocrx_word' id='word_1_104' title='bbox 345 1598 424 1663; x_wconf 86' lang='grc'>016.</span> <span class='ocrx_word' id='word_1_105' title='bbox 448 1598 501 1663; x_wconf 85' lang='lat' dir='ltr'>off.</span> <span class='ocrx_word' id='word_1_106' title='bbox 527 1602 555 1682; x_wconf 92' lang='lat' dir='ltr'>l,</span> <span class='ocrx_word' id='word_1_107' title='bbox 581 1602 609 1679; x_wconf 90' lang='lat'>1,</span> <span class='ocrx_word' id='word_1_108' title='bbox 632 1601 654 1663; x_wconf 87' lang='grc'><strong>4</strong></span> <span class='ocrx_word' id='word_1_109' title='bbox 675 1600 846 1666; x_wconf 88' lang='lat' dir='ltr'>Platonem</span> <span class='ocrx_word' id='word_1_110' title='bbox 870 1603 1035 1679; x_wconf 82' lang='lat' dir='ltr'>existimo,</span> <span class='ocrx_word' id='word_1_111' title='bbox 1065 1605 1093 1668; x_wconf 90' lang='lat' dir='ltr'>si</span> <span class='ocrx_word' id='word_1_112' title='bbox 1120 1626 1224 1689; x_wconf 89' lang='lat' dir='ltr'>genus</span> <span class='ocrx_word' id='word_1_113' title='bbox 1247 1606 1295 1670; x_wconf 93' lang='lat' dir='ltr'>fo·</span> 
     </span>
     <span class='ocr_line' id='line_1_14' title="bbox 148 1699 1295 1790; baseline 0.003 -25"><span class='ocrx_word' id='word_1_114' title='bbox 148 1722 245 1767; x_wconf 89' lang='lat' dir='ltr'>rense</span> <span class='ocrx_word' id='word_1_115' title='bbox 267 1699 397 1765; x_wconf 86' lang='lat' dir='ltr'>dicendi</span> <span class='ocrx_word' id='word_1_116' title='bbox 419 1710 560 1765; x_wconf 85' lang='lat' dir='ltr'>tractare</span> <span class='ocrx_word' id='word_1_117' title='bbox 582 1701 757 1779; x_wconf 87' lang='lat' dir='ltr'>voluisset,</span> <span class='ocrx_word' id='word_1_118' title='bbox 786 1702 979 1786; x_wconf 79' lang='lat' dir='ltr'>gravissime</span> <span class='ocrx_word' id='word_1_119' title='bbox 1007 1707 1155 1790; x_wconf 89' lang='lat' dir='ltr'>potuisse</span> <span class='ocrx_word' id='word_1_120' title='bbox 1177 1705 1295 1770; x_wconf 82' lang='lat' dir='ltr'>dicere.</span> 
     </span>
     <span class='ocr_line' id='line_1_15' title="bbox 149 1800 1295 1893; baseline 0.005 -27"><span class='ocrx_word' id='word_1_121' title='bbox 149 1802 190 1866; x_wconf 89' lang='lat' dir='ltr'>dc</span> <span class='ocrx_word' id='word_1_122' title='bbox 211 1804 282 1867; x_wconf 84' lang='lat' dir='ltr'>fato</span> <span class='ocrx_word' id='word_1_123' title='bbox 305 1802 359 1878; x_wconf 84' lang='lat'>20,</span> <span class='ocrx_word' id='word_1_124' title='bbox 381 1801 423 1866; x_wconf 92' lang='lat'>48</span> <span class='ocrx_word' id='word_1_125' title='bbox 445 1800 542 1866; x_wconf 89' lang='lat' dir='ltr'>aliter</span> <span class='ocrx_word' id='word_1_126' title='bbox 564 1801 725 1867; x_wconf 90' lang='lat' dir='ltr'>obsistere</span> <span class='ocrx_word' id='word_1_127' title='bbox 753 1802 822 1868; x_wconf 88' lang='lat' dir='ltr'>fato</span> <span class='ocrx_word' id='word_1_128' title='bbox 846 1804 969 1868; x_wconf 89' lang='lat' dir='ltr'>fatetur</span> <span class='ocrx_word' id='word_1_129' title='bbox 990 1827 1026 1868; x_wconf 94' lang='lat' dir='ltr'>se</span> <span class='ocrx_word' id='word_1_130' title='bbox 1049 1828 1113 1871; x_wconf 90' lang='lat' dir='ltr'>non</span> <span class='ocrx_word' id='word_1_131' title='bbox 1141 1808 1295 1893; x_wconf 88' lang='lat' dir='ltr'>potuisse,</span> 
     </span>
     <span class='ocr_line' id='line_1_16' title="bbox 149 1902 1295 1990; baseline 0.004 -23"><span class='ocrx_word' id='word_1_132' title='bbox 149 1905 212 1968; x_wconf 90' lang='lat' dir='ltr'>nisi</span> <span class='ocrx_word' id='word_1_133' title='bbox 234 1941 276 1951; x_wconf 90' lang='lat'><em>-</em></span> <span class='ocrx_word' id='word_1_134' title='bbox 299 1902 510 1987; x_wconf 87' lang='lat' dir='ltr'>confugisset.</span> <span class='ocrx_word' id='word_1_135' title='bbox 548 1903 632 1969; x_wconf 87' lang='lat' dir='ltr'>Liv.</span> <span class='ocrx_word' id='word_1_136' title='bbox 649 1905 716 1986; x_wconf 86' lang='lat'>3,9</span> <span class='ocrx_word' id='word_1_137' title='bbox 739 1906 768 1967; x_wconf 92' lang='lat' dir='ltr'>si</span> <span class='ocrx_word' id='word_1_138' title='bbox 790 1926 886 1990; x_wconf 89' lang='lat' dir='ltr'>quem</span> <span class='ocrx_word' id='word_1_139' title='bbox 908 1907 1045 1970; x_wconf 91' lang='lat' dir='ltr'>similem</span> <span class='ocrx_word' id='word_1_140' title='bbox 1068 1906 1138 1972; x_wconf 87' lang='lat' dir='ltr'>eius</span> <span class='ocrx_word' id='word_1_141' title='bbox 1158 1946 1195 1955; x_wconf 95' lang='lat'>—</span> <span class='ocrx_word' id='word_1_142' title='bbox 1220 1910 1295 1972; x_wconf 88' lang='lat' dir='ltr'>irati</span> 
     </span>
     <span class='ocr_line' id='line_1_17' title="bbox 150 2003 1295 2095; baseline 0.005 -27"><span class='ocrx_word' id='word_1_143' title='bbox 150 2005 194 2070; x_wconf 88' lang='lat' dir='ltr'>dii</span> <span class='ocrx_word' id='word_1_144' title='bbox 215 2005 384 2069; x_wconf 89' lang='lat' dir='ltr'>tribunum</span> <span class='ocrx_word' id='word_1_145' title='bbox 408 2003 595 2086; x_wconf 84' lang='lat' dir='ltr'>dedissent,</span> <span class='ocrx_word' id='word_1_146' title='bbox 621 2027 688 2069; x_wconf 90' lang='lat' dir='ltr'>non</span> <span class='ocrx_word' id='word_1_147' title='bbox 710 2005 857 2091; x_wconf 88' lang='lat' dir='ltr'>potuisse</span> <span class='ocrx_word' id='word_1_148' title='bbox 885 2007 968 2070; x_wconf 89' lang='lat' dir='ltr'>sisti.</span> <span class='ocrx_word' id='word_1_149' title='bbox 1013 2008 1065 2092; x_wconf 89' lang='grc'>34,</span> <span class='ocrx_word' id='word_1_150' title='bbox 1091 2012 1126 2072; x_wconf 94' lang='grc'>11</span> <span class='ocrx_word' id='word_1_151' title='bbox 1150 2011 1295 2095; x_wconf 90' lang='lat' dir='ltr'>potuisse</span> 
     </span>
     <span class='ocr_line' id='line_1_18' title="bbox 148 2104 1294 2189; baseline 0.002 -19"><span class='ocrx_word' id='word_1_152' title='bbox 148 2129 181 2170; x_wconf 92' lang='lat' dir='ltr'>se</span> <span class='ocrx_word' id='word_1_153' title='bbox 209 2117 304 2171; x_wconf 83' lang='lat' dir='ltr'>extra</span> <span class='ocrx_word' id='word_1_154' title='bbox 325 2104 359 2170; x_wconf 91' lang='lat' dir='ltr'>id</span> <span class='ocrx_word' id='word_1_155' title='bbox 389 2106 568 2189; x_wconf 90' lang='lat' dir='ltr'>periculum</span> <span class='ocrx_word' id='word_1_156' title='bbox 597 2128 685 2186; x_wconf 89' lang='lat' dir='ltr'>esse,</span> <span class='ocrx_word' id='word_1_157' title='bbox 715 2107 744 2170; x_wconf 90' lang='lat' dir='ltr'>si</span> <span class='ocrx_word' id='word_1_158' title='bbox 770 2105 927 2171; x_wconf 86' lang='lat' dir='ltr'>decedere</span> <span class='ocrx_word' id='word_1_159' title='bbox 954 2107 1019 2173; x_wconf 86' lang='lat' dir='ltr'>fide</span> <span class='ocrx_word' id='word_1_160' title='bbox 1041 2146 1083 2159; x_wconf 92' lang='lat'>—</span> <span class='ocrx_word' id='word_1_161' title='bbox 1104 2109 1294 2176; x_wconf 88' lang='lat' dir='ltr'>voluissent.</span> 
     </span>
     <span class='ocr_line' id='line_1_19' title="bbox 149 2204 1296 2297; baseline 0.001 -25"><span class='ocrx_word' id='word_1_162' title='bbox 149 2209 200 2291; x_wconf 79' lang='lat'>37,</span> <span class='ocrx_word' id='word_1_163' title='bbox 222 2208 275 2288; x_wconf 86' lang='lat'>34,</span> <span class='ocrx_word' id='word_1_164' title='bbox 299 2208 346 2297; x_wconf 76' lang='grc' dir='ltr'>7.Ι</span> <span class='ocrx_word' id='word_1_165' title='bbox 372 2204 547 2286; x_wconf 78' lang='lat' dir='ltr'>Quintil.</span> <span class='ocrx_word' id='word_1_166' title='bbox 574 2207 623 2288; x_wconf 91' lang='grc'>10,</span> <span class='ocrx_word' id='word_1_167' title='bbox 652 2210 677 2289; x_wconf 89' lang='grc'>1,</span> <span class='ocrx_word' id='word_1_168' title='bbox 701 2207 743 2270; x_wconf 87' lang='grc'>62</span> <span class='ocrx_word' id='word_1_169' title='bbox 769 2208 798 2270; x_wconf 87' lang='grc'>61</span> <span class='ocrx_word' id='word_1_170' title='bbox 820 2208 977 2272; x_wconf 89' lang='lat' dir='ltr'>tenuisset</span> <span class='ocrx_word' id='word_1_171' title='bbox 999 2209 1141 2292; x_wconf 90' lang='lat' dir='ltr'>modum,</span> <span class='ocrx_word' id='word_1_172' title='bbox 1163 2210 1296 2276; x_wconf 88' lang='lat' dir='ltr'>videtur</span> 
     </span>
     <span class='ocr_line' id='line_1_20' title="bbox 147 2307 1243 2394; baseline 0.004 -23"><span class='ocrx_word' id='word_1_173' title='bbox 147 2307 303 2374; x_wconf 86' lang='lat' dir='ltr'>aemulari</span> <span class='ocrx_word' id='word_1_174' title='bbox 325 2308 495 2393; x_wconf 85' lang='lat' dir='ltr'>proximus</span> <span class='ocrx_word' id='word_1_175' title='bbox 520 2308 699 2373; x_wconf 90' lang='lat' dir='ltr'>Homerum</span> <span class='ocrx_word' id='word_1_176' title='bbox 721 2310 876 2394; x_wconf 89' lang='lat' dir='ltr'>potuisse.</span> <span class='ocrx_word' id='word_1_177' title='bbox 921 2311 1058 2393; x_wconf 87' lang='lat' dir='ltr'>Nepos</span> <span class='ocrx_word' id='word_1_178' title='bbox 1084 2312 1134 2392; x_wconf 81' lang='lat'>17,</span> <span class='ocrx_word' id='word_1_179' title='bbox 1156 2313 1188 2393; x_wconf 84' lang='lat'>5,</span> <span class='ocrx_word' id='word_1_180' title='bbox 1212 2312 1243 2376; x_wconf 91' lang='grc'>2.</span> 
     </span>
    </p>

    <p class='ocr_par' dir='ltr' id='par_1_4' title="bbox 144 2408 1292 3103">
     <span class='ocr_line' id='line_1_21' title="bbox 229 2408 1292 2499; baseline 0.003 -25"><span class='ocrx_word' id='word_1_181' title='bbox 229 2411 251 2475; x_wconf 86' lang='grc'>1.</span> <span class='ocrx_word' id='word_1_182' title='bbox 286 2409 369 2474; x_wconf 78' lang='grc'>86111·</span> <span class='ocrx_word' id='word_1_183' title='bbox 391 2408 495 2473; x_wconf 90' lang='lat' dir='ltr'>selten</span> <span class='ocrx_word' id='word_1_184' title='bbox 519 2409 606 2473; x_wconf 90' lang='lat' dir='ltr'>steht</span> <span class='ocrx_word' id='word_1_185' title='bbox 627 2408 686 2474; x_wconf 91' lang='lat' dir='ltr'>der</span> <span class='ocrx_word' id='word_1_186' title='bbox 708 2410 890 2497; x_wconf 82' lang='lat' dir='ltr'>Hauptsatz</span> <span class='ocrx_word' id='word_1_187' title='bbox 917 2411 1131 2495; x_wconf 76' lang='lat' dir='ltr'>unabhtingig</span> <span class='ocrx_word' id='word_1_188' title='bbox 1157 2413 1201 2475; x_wconf 92' lang='lat' dir='ltr'>im</span> <span class='ocrx_word' id='word_1_189' title='bbox 1224 2435 1292 2499; x_wconf 92' lang='lat' dir='ltr'>po-</span> 
     </span>
     <span class='ocr_line' id='line_1_22' title="bbox 150 2508 1290 2596; baseline 0 -19"><span class='ocrx_word' id='word_1_190' title='bbox 150 2508 1248 2596; x_wconf 62' lang='grc' dir='ltr'>1611116161]0661116111(166Ρ6116116,11161111.5,51,</span> <span class='ocrx_word' id='word_1_191' title='bbox 1277 2518 1290 2577; x_wconf 95' lang='grc'>1</span> 
     </span>
     <span class='ocr_line' id='line_1_23' title="bbox 149 2611 1291 2700; baseline 0.002 -23"><span class='ocrx_word' id='word_1_192' title='bbox 149 2624 180 2679; x_wconf 90' lang='grc'>61</span> <span class='ocrx_word' id='word_1_193' title='bbox 200 2612 243 2677; x_wconf 93' lang='lat' dir='ltr'>ob</span> <span class='ocrx_word' id='word_1_194' title='bbox 267 2612 381 2676; x_wconf 89' lang='lat' dir='ltr'>eadem</span> <span class='ocrx_word' id='word_1_195' title='bbox 403 2611 485 2675; x_wconf 92' lang='lat' dir='ltr'>haec</span> <span class='ocrx_word' id='word_1_196' title='bbox 506 2633 589 2690; x_wconf 91' lang='lat' dir='ltr'>non,</span> <span class='ocrx_word' id='word_1_197' title='bbox 612 2612 702 2674; x_wconf 91' lang='lat' dir='ltr'>si-</span> <span class='ocrx_word' id='word_1_198' title='bbox 724 2613 940 2694; x_wconf 85' lang='lat' dir='ltr'>revocaretis,</span> <span class='ocrx_word' id='word_1_199' title='bbox 964 2612 1126 2677; x_wconf 88' lang='lat' dir='ltr'>rediturus</span> <span class='ocrx_word' id='word_1_200' title='bbox 1149 2636 1291 2700; x_wconf 89' lang='lat' dir='ltr'>unquam</span> 
     </span>
     <span class='ocr_line' id='line_1_24' title="bbox 149 2712 1291 2801; baseline 0.002 -25"><span class='ocrx_word' id='word_1_201' title='bbox 149 2714 273 2778; x_wconf 87' lang='lat' dir='ltr'>luerim.</span> <span class='ocrx_word' id='word_1_202' title='bbox 318 2714 377 2796; x_wconf 90' lang='grc'>31,</span> <span class='ocrx_word' id='word_1_203' title='bbox 400 2714 456 2789; x_wconf 89' lang='grc'>38,</span> <span class='ocrx_word' id='word_1_204' title='bbox 479 2714 501 2775; x_wconf 83' lang='grc'>4</span> <span class='ocrx_word' id='word_1_205' title='bbox 523 2713 550 2776; x_wconf 87' lang='grc'>61</span> <span class='ocrx_word' id='word_1_206' title='bbox 573 2712 723 2777; x_wconf 89' lang='lat' dir='ltr'>omnibus</span> <span class='ocrx_word' id='word_1_207' title='bbox 752 2713 900 2797; x_wconf 90' lang='lat' dir='ltr'>peditum</span> <span class='ocrx_word' id='word_1_208' title='bbox 928 2712 1056 2801; x_wconf 76' lang='lat' dir='ltr'>quoq&#39;uo</span> <span class='ocrx_word' id='word_1_209' title='bbox 1085 2715 1187 2800; x_wconf 90' lang='lat' dir='ltr'>copiis</span> <span class='ocrx_word' id='word_1_210' title='bbox 1216 2738 1291 2780; x_wconf 91' lang='lat' dir='ltr'>con·</span> 
     </span>
     <span class='ocr_line' id='line_1_25' title="bbox 147 2813 1292 2900; baseline 0 -20"><span class='ocrx_word' id='word_1_211' title='bbox 147 2837 278 2900; x_wconf 80' lang='lat' dir='ltr'>gressus</span> <span class='ocrx_word' id='word_1_212' title='bbox 300 2836 359 2877; x_wconf 78' lang='lat' dir='ltr'>rex</span> <span class='ocrx_word' id='word_1_213' title='bbox 383 2813 510 2895; x_wconf 89' lang='lat' dir='ltr'>fuisset,</span> <span class='ocrx_word' id='word_1_214' title='bbox 534 2814 671 2878; x_wconf 84' lang='lat' dir='ltr'>forsitan</span> <span class='ocrx_word' id='word_1_215' title='bbox 689 2851 728 2860; x_wconf 89' lang='lat'>—</span> <span class='ocrx_word' id='word_1_216' title='bbox 752 2817 830 2879; x_wconf 86' lang='lat' dir='ltr'>exui</span> <span class='ocrx_word' id='word_1_217' title='bbox 852 2816 968 2879; x_wconf 90' lang='lat' dir='ltr'>castris</span> <span class='ocrx_word' id='word_1_218' title='bbox 991 2816 1144 2898; x_wconf 87' lang='lat' dir='ltr'>potuerit.</span> <span class='ocrx_word' id='word_1_219' title='bbox 1183 2815 1292 2898; x_wconf 90' lang='lat' dir='ltr'>(Ohne</span> 
     </span>
     <span class='ocr_line' id='line_1_26' title="bbox 144 2914 1290 3000; baseline -0.003 -17"><span class='ocrx_word' id='word_1_220' title='bbox 144 2919 282 2998; x_wconf 69' lang='grc'>1116111111</span> <span class='ocrx_word' id='word_1_221' title='bbox 312 2915 422 2979; x_wconf 85' lang='lat' dir='ltr'>wi‘rrde</span> <span class='ocrx_word' id='word_1_222' title='bbox 445 2918 550 2996; x_wconf 77' lang='lat' dir='ltr'>potuit</span> <span class='ocrx_word' id='word_1_223' title='bbox 578 2915 715 2996; x_wconf 87' lang='lat' dir='ltr'>stchen.)</span> <span class='ocrx_word' id='word_1_224' title='bbox 769 2914 862 2980; x_wconf 90' lang='lat' dir='ltr'>Ohne</span> <span class='ocrx_word' id='word_1_225' title='bbox 892 2915 1178 3000; x_wconf 88' lang='lat' dir='ltr'>Bedingungssatz</span> <span class='ocrx_word' id='word_1_226' title='bbox 1208 2917 1290 2981; x_wconf 89' lang='lat' dir='ltr'>nach</span> 
     </span>
     <span class='ocr_line' id='line_1_27' title="bbox 147 3008 1229 3103; baseline 0.003 -26"><span class='ocrx_word' id='word_1_227' title='bbox 147 3013 275 3077; x_wconf 78' lang='lat' dir='ltr'>nedum:</span> <span class='ocrx_word' id='word_1_228' title='bbox 298 3008 387 3080; x_wconf 86' lang='lat' dir='ltr'>Tac.</span> <span class='ocrx_word' id='word_1_229' title='bbox 413 3015 443 3079; x_wconf 94' lang='lat' dir='ltr'>h.</span> <span class='ocrx_word' id='word_1_230' title='bbox 466 3016 497 3097; x_wconf 91' lang='grc'>2,</span> <span class='ocrx_word' id='word_1_231' title='bbox 521 3016 562 3080; x_wconf 87' lang='grc'>39</span> <span class='ocrx_word' id='word_1_232' title='bbox 579 3010 707 3080; x_wconf 71' lang='lat' dir='ltr'>&#39;nedum</span> <span class='ocrx_word' id='word_1_233' title='bbox 731 3055 768 3063; x_wconf 90' lang='lat'><em>-</em></span> <span class='ocrx_word' id='word_1_234' title='bbox 795 3017 932 3103; x_wconf 88' lang='lat' dir='ltr'>posituri</span> <span class='ocrx_word' id='word_1_235' title='bbox 956 3015 1075 3080; x_wconf 87' lang='lat' dir='ltr'>bellurn</span> <span class='ocrx_word' id='word_1_236' title='bbox 1098 3017 1229 3082; x_wconf 90' lang='lat' dir='ltr'>fuerint.</span> 
     </span>
    </p>

    <p class='ocr_par' dir='ltr' id='par_1_5' title="bbox 143 3116 1291 4114">
     <span class='ocr_line' id='line_1_28' title="bbox 228 3116 1289 3204; baseline 0.003 -23"><span class='ocrx_word' id='word_1_237' title='bbox 228 3120 259 3197; x_wconf 62' lang='grc'>8.</span> <span class='ocrx_word' id='word_1_238' title='bbox 274 3117 347 3181; x_wconf 91' lang='grc'>551.</span> <span class='ocrx_word' id='word_1_239' title='bbox 370 3116 440 3179; x_wconf 90' lang='lat' dir='ltr'>Der</span> <span class='ocrx_word' id='word_1_240' title='bbox 454 3116 739 3202; x_wconf 83' lang='lat' dir='ltr'>Bodingungssatz</span> <span class='ocrx_word' id='word_1_241' title='bbox 756 3121 815 3182; x_wconf 92' lang='lat' dir='ltr'>mit</span> <span class='ocrx_word' id='word_1_242' title='bbox 830 3117 904 3180; x_wconf 86' lang='lat' dir='ltr'>dem</span> <span class='ocrx_word' id='word_1_243' title='bbox 920 3117 1158 3204; x_wconf 86' lang='lat' dir='ltr'>Conjunctiv</span> <span class='ocrx_word' id='word_1_244' title='bbox 1182 3119 1289 3184; x_wconf 90' lang='lat' dir='ltr'>eines</span> 
     </span>
     <span class='ocr_line' id='line_1_29' title="bbox 145 3217 1289 3305; baseline 0.003 -24"><span class='ocrx_word' id='word_1_245' title='bbox 145 3217 448 3302; x_wconf 87' lang='lat' dir='ltr'>Nebentempus</span> <span class='ocrx_word' id='word_1_246' title='bbox 472 3219 562 3281; x_wconf 89' lang='lat' dir='ltr'>kann</span> <span class='ocrx_word' id='word_1_247' title='bbox 584 3218 668 3283; x_wconf 92' lang='lat' dir='ltr'>auch</span> <span class='ocrx_word' id='word_1_248' title='bbox 691 3220 745 3282; x_wconf 93' lang='lat' dir='ltr'>dio</span> <span class='ocrx_word' id='word_1_249' title='bbox 771 3218 1032 3283; x_wconf 89' lang='lat' dir='ltr'>wicdcrholte</span> <span class='ocrx_word' id='word_1_250' title='bbox 1055 3219 1236 3305; x_wconf 88' lang='lat' dir='ltr'>Handlung</span> <span class='ocrx_word' id='word_1_251' title='bbox 1256 3221 1289 3284; x_wconf 89' lang='lat' dir='ltr'>in</span> 
     </span>
     <span class='ocr_line' id='line_1_30' title="bbox 147 3318 1291 3403; baseline 0.003 -20"><span class='ocrx_word' id='word_1_252' title='bbox 147 3319 203 3383; x_wconf 94' lang='lat' dir='ltr'>der</span> <span class='ocrx_word' id='word_1_253' title='bbox 224 3318 492 3403; x_wconf 88' lang='lat' dir='ltr'>Vergangenheit</span> <span class='ocrx_word' id='word_1_254' title='bbox 514 3319 720 3384; x_wconf 87' lang='lat' dir='ltr'>bezeichnen.</span> <span class='ocrx_word' id='word_1_255' title='bbox 765 3323 836 3384; x_wconf 88' lang='lat' dir='ltr'>Aus</span> <span class='ocrx_word' id='word_1_256' title='bbox 855 3319 913 3383; x_wconf 87' lang='lat' dir='ltr'>der</span> <span class='ocrx_word' id='word_1_257' title='bbox 935 3318 1201 3385; x_wconf 87' lang='lat' dir='ltr'>vorklassischen</span> <span class='ocrx_word' id='word_1_258' title='bbox 1217 3323 1291 3386; x_wconf 89' lang='lat' dir='ltr'>Zeit</span> 
     </span>
     <span class='ocr_line' id='line_1_31' title="bbox 146 3419 1289 3506; baseline 0.005 -23"><span class='ocrx_word' id='word_1_259' title='bbox 146 3420 224 3484; x_wconf 87' lang='lat' dir='ltr'>wird</span> <span class='ocrx_word' id='word_1_260' title='bbox 253 3419 337 3485; x_wconf 93' lang='lat' dir='ltr'>noch</span> <span class='ocrx_word' id='word_1_261' title='bbox 366 3420 465 3484; x_wconf 88' lang='lat' dir='ltr'>keine</span> <span class='ocrx_word' id='word_1_262' title='bbox 494 3419 594 3485; x_wconf 83' lang='lat' dir='ltr'>Stella</span> <span class='ocrx_word' id='word_1_263' title='bbox 620 3420 810 3506; x_wconf 80' lang='lat' dir='ltr'>angefiihrt;</span> <span class='ocrx_word' id='word_1_264' title='bbox 840 3442 899 3484; x_wconf 90' lang='lat' dir='ltr'>aus</span> <span class='ocrx_word' id='word_1_265' title='bbox 926 3422 1068 3486; x_wconf 81' lang='lat' dir='ltr'>Cicero</span> <span class='ocrx_word' id='word_1_266' title='bbox 1100 3422 1208 3487; x_wconf 89' lang='lat' dir='ltr'>kenne</span> <span class='ocrx_word' id='word_1_267' title='bbox 1235 3425 1289 3489; x_wconf 90' lang='lat' dir='ltr'>ich</span> 
     </span>
     <span class='ocr_line' id='line_1_32' title="bbox 145 3521 1288 3606; baseline 0.003 -21"><span class='ocrx_word' id='word_1_268' title='bbox 145 3544 203 3586; x_wconf 87' lang='lat' dir='ltr'>nur</span> <span class='ocrx_word' id='word_1_269' title='bbox 225 3522 266 3585; x_wconf 92' lang='lat' dir='ltr'>de</span> <span class='ocrx_word' id='word_1_270' title='bbox 289 3544 337 3587; x_wconf 86' lang='lat' dir='ltr'>or.</span> <span class='ocrx_word' id='word_1_271' title='bbox 355 3525 371 3585; x_wconf 92' lang='lat'>1</span> <span class='ocrx_word' id='word_1_272' title='bbox 388 3525 418 3603; x_wconf 65' lang='grc' dir='ltr'>ξ.</span> <span class='ocrx_word' id='word_1_273' title='bbox 433 3523 494 3586; x_wconf 88' lang='grc'>231</span> <span class='ocrx_word' id='word_1_274' title='bbox 518 3535 589 3586; x_wconf 90' lang='lat' dir='ltr'>erat</span> <span class='ocrx_word' id='word_1_275' title='bbox 611 3523 697 3586; x_wconf 92' lang='lat' dir='ltr'>enim</span> <span class='ocrx_word' id='word_1_276' title='bbox 712 3521 863 3603; x_wconf 82' lang='lat' dir='ltr'>Athenis,</span> <span class='ocrx_word' id='word_1_277' title='bbox 886 3544 940 3585; x_wconf 88' lang='lat' dir='ltr'>reo</span> <span class='ocrx_word' id='word_1_278' title='bbox 964 3522 1126 3606; x_wconf 90' lang='lat' dir='ltr'>damnato,</span> <span class='ocrx_word' id='word_1_279' title='bbox 1148 3525 1176 3587; x_wconf 91' lang='lat' dir='ltr'>si</span> <span class='ocrx_word' id='word_1_280' title='bbox 1198 3524 1288 3588; x_wconf 84' lang='lat' dir='ltr'>fraus</span> 
     </span>
     <span class='ocr_line' id='line_1_33' title="bbox 145 3620 1288 3709; baseline 0.001 -21"><span class='ocrx_word' id='word_1_281' title='bbox 145 3620 291 3709; x_wconf 84' lang='lat' dir='ltr'>capitalis</span> <span class='ocrx_word' id='word_1_282' title='bbox 314 3645 381 3687; x_wconf 90' lang='lat' dir='ltr'>non</span> <span class='ocrx_word' id='word_1_283' title='bbox 403 3634 504 3704; x_wconf 89' lang='lat' dir='ltr'>esset,</span> <span class='ocrx_word' id='word_1_284' title='bbox 528 3625 621 3709; x_wconf 90' lang='lat' dir='ltr'>quasi</span> <span class='ocrx_word' id='word_1_285' title='bbox 643 3646 768 3709; x_wconf 89' lang='lat' dir='ltr'>poenae</span> <span class='ocrx_word' id='word_1_286' title='bbox 791 3624 983 3689; x_wconf 86' lang='lat' dir='ltr'>aestimatio.</span> <span class='ocrx_word' id='word_1_287' title='bbox 1028 3623 1092 3687; x_wconf 84' lang='lat' dir='ltr'>Ein</span> <span class='ocrx_word' id='word_1_288' title='bbox 1114 3624 1182 3688; x_wconf 91' lang='lat' dir='ltr'>Mal</span> <span class='ocrx_word' id='word_1_289' title='bbox 1205 3625 1288 3689; x_wconf 88' lang='lat' dir='ltr'>auch</span> 
     </span>
     <span class='ocr_line' id='line_1_34' title="bbox 146 3723 1288 3808; baseline 0.001 -20"><span class='ocrx_word' id='word_1_290' title='bbox 146 3723 194 3788; x_wconf 90' lang='lat' dir='ltr'>hei</span> <span class='ocrx_word' id='word_1_291' title='bbox 218 3724 331 3789; x_wconf 81' lang='lat' dir='ltr'>Caes.</span> <span class='ocrx_word' id='word_1_292' title='bbox 355 3724 384 3788; x_wconf 93' lang='lat' dir='ltr'>b.</span> <span class='ocrx_word' id='word_1_293' title='bbox 407 3746 438 3808; x_wconf 87' lang='lat' dir='ltr'>g.</span> <span class='ocrx_word' id='word_1_294' title='bbox 460 3724 491 3807; x_wconf 83' lang='lat'>5,</span> <span class='ocrx_word' id='word_1_295' title='bbox 514 3726 556 3789; x_wconf 90' lang='grc'>35</span> <span class='ocrx_word' id='word_1_296' title='bbox 578 3726 629 3788; x_wconf 90' lang='lat' dir='ltr'>sin</span> <span class='ocrx_word' id='word_1_297' title='bbox 657 3735 766 3789; x_wconf 89' lang='lat' dir='ltr'>autem</span> <span class='ocrx_word' id='word_1_298' title='bbox 795 3724 901 3789; x_wconf 91' lang='lat' dir='ltr'>locum</span> <span class='ocrx_word' id='word_1_299' title='bbox 930 3735 1040 3790; x_wconf 89' lang='lat' dir='ltr'>tenere</span> <span class='ocrx_word' id='word_1_300' title='bbox 1068 3724 1204 3808; x_wconf 87' lang='lat' dir='ltr'>vellent,</span> <span class='ocrx_word' id='word_1_301' title='bbox 1227 3748 1288 3789; x_wconf 89' lang='lat' dir='ltr'>nec</span> 
     </span>
     <span class='ocr_line' id='line_1_35' title="bbox 144 3824 1287 3911; baseline 0.003 -23"><span class='ocrx_word' id='word_1_302' title='bbox 144 3825 256 3891; x_wconf 83' lang='lat' dir='ltr'>virtuti</span> <span class='ocrx_word' id='word_1_303' title='bbox 272 3824 362 3891; x_wconf 89' lang='lat' dir='ltr'>locus</span> <span class='ocrx_word' id='word_1_304' title='bbox 377 3824 624 3911; x_wconf 83' lang='lat' dir='ltr'>relinquebatur</span> <span class='ocrx_word' id='word_1_305' title='bbox 638 3847 743 3909; x_wconf 86' lang='lat' dir='ltr'>neque</span> <span class='ocrx_word' id='word_1_306' title='bbox 758 3835 814 3889; x_wconf 85' lang='lat' dir='ltr'>ott.</span> <span class='ocrx_word' id='word_1_307' title='bbox 851 3825 1012 3892; x_wconf 83' lang='lat' dir='ltr'>Aehnlich</span> <span class='ocrx_word' id='word_1_308' title='bbox 1029 3827 1072 3889; x_wconf 90' lang='lat' dir='ltr'>ist</span> <span class='ocrx_word' id='word_1_309' title='bbox 1087 3824 1181 3889; x_wconf 79' lang='lat' dir='ltr'>Sall.</span> <span class='ocrx_word' id='word_1_310' title='bbox 1199 3825 1230 3891; x_wconf 89' lang='lat' dir='ltr'>J.</span> <span class='ocrx_word' id='word_1_311' title='bbox 1245 3827 1287 3891; x_wconf 88' lang='grc'>58</span> 
     </span>
     <span class='ocr_line' id='line_1_36' title="bbox 143 3925 1287 4013; baseline -0.002 -21"><span class='ocrx_word' id='word_1_312' title='bbox 143 3927 190 3992; x_wconf 86' lang='lat' dir='ltr'>sin</span> <span class='ocrx_word' id='word_1_313' title='bbox 205 3925 369 3992; x_wconf 89' lang='lat' dir='ltr'>Numidae</span> <span class='ocrx_word' id='word_1_314' title='bbox 384 3928 518 4013; x_wconf 92' lang='lat' dir='ltr'>propius</span> <span class='ocrx_word' id='word_1_315' title='bbox 533 3928 757 4008; x_wconf 89' lang='lat' dir='ltr'>accessissent,</span> <span class='ocrx_word' id='word_1_316' title='bbox 780 3927 828 3992; x_wconf 90' lang='lat' dir='ltr'>ibi</span> <span class='ocrx_word' id='word_1_317' title='bbox 844 3949 921 3992; x_wconf 90' lang='lat' dir='ltr'>vero</span> <span class='ocrx_word' id='word_1_318' title='bbox 938 3930 1092 3992; x_wconf 86' lang='lat' dir='ltr'>virtutem</span> <span class='ocrx_word' id='word_1_319' title='bbox 1115 3926 1287 3990; x_wconf 89' lang='lat' dir='ltr'>ostendere</span> 
     </span>
     <span class='ocr_line' id='line_1_37' title="bbox 144 4027 1285 4114; baseline -0.003 -21"><span class='ocrx_word' id='word_1_320' title='bbox 144 4042 174 4094; x_wconf 91' lang='grc'>61</span> <span class='ocrx_word' id='word_1_321' title='bbox 201 4027 353 4111; x_wconf 88' lang='lat' dir='ltr'>caedere,</span> <span class='ocrx_word' id='word_1_322' title='bbox 381 4028 518 4093; x_wconf 90' lang='lat' dir='ltr'>fundere</span> <span class='ocrx_word' id='word_1_323' title='bbox 547 4038 645 4114; x_wconf 87' lang='lat' dir='ltr'>atque</span> <span class='ocrx_word' id='word_1_324' title='bbox 672 4027 796 4112; x_wconf 87' lang='lat' dir='ltr'>fugare.</span> <span class='ocrx_word' id='word_1_325' title='bbox 840 4029 878 4091; x_wconf 92' lang='lat' dir='ltr'>B.</span> <span class='ocrx_word' id='word_1_326' title='bbox 908 4028 963 4091; x_wconf 83' lang='lat' dir='ltr'>As</span> <span class='ocrx_word' id='word_1_327' title='bbox 967 4050 991 4090; x_wconf 93' lang='lat' dir='ltr'>r.</span> <span class='ocrx_word' id='word_1_328' title='bbox 1023 4029 1064 4091; x_wconf 82' lang='lat'>70</span> <span class='ocrx_word' id='word_1_329' title='bbox 1093 4028 1120 4090; x_wconf 92' lang='lat' dir='ltr'>si</span> <span class='ocrx_word' id='word_1_330' title='bbox 1148 4049 1183 4091; x_wconf 92' lang='lat' dir='ltr'>se</span> <span class='ocrx_word' id='word_1_331' title='bbox 1210 4050 1285 4092; x_wconf 91' lang='lat' dir='ltr'>con·</span> 
     </span>
    </p>
   </div>
   <div class='ocr_carea' id='block_1_3' title="bbox 142 4128 1285 4534">
    <p class='ocr_par' dir='ltr' id='par_1_6' title="bbox 142 4128 1285 4534">
     <span class='ocr_line' id='line_1_38' title="bbox 142 4128 1285 4215; baseline -0.002 -21"><span class='ocrx_word' id='word_1_332' title='bbox 142 4132 331 4214; x_wconf 85' lang='lat' dir='ltr'>vertissent,</span> <span class='ocrx_word' id='word_1_333' title='bbox 359 4138 453 4215; x_wconf 88' lang='lat' dir='ltr'>terga</span> <span class='ocrx_word' id='word_1_334' title='bbox 480 4131 661 4196; x_wconf 87' lang='lat' dir='ltr'>vertebant.</span> <span class='ocrx_word' id='word_1_335' title='bbox 707 4128 866 4214; x_wconf 71' lang='lat' dir='ltr'>Haufiger</span> <span class='ocrx_word' id='word_1_336' title='bbox 891 4130 973 4193; x_wconf 89' lang='lat' dir='ltr'>wird</span> <span class='ocrx_word' id='word_1_337' title='bbox 1002 4129 1072 4192; x_wconf 89' lang='lat' dir='ltr'>dies</span> <span class='ocrx_word' id='word_1_338' title='bbox 1100 4129 1202 4193; x_wconf 89' lang='lat' dir='ltr'>sehon</span> <span class='ocrx_word' id='word_1_339' title='bbox 1232 4129 1285 4193; x_wconf 87' lang='lat' dir='ltr'>bei</span> 
     </span>
     <span class='ocr_line' id='line_1_39' title="bbox 142 4229 1283 4318; baseline 0.001 -22"><span class='ocrx_word' id='word_1_340' title='bbox 142 4230 302 4314; x_wconf 84' lang='lat' dir='ltr'>Livius,</span> <span class='ocrx_word' id='word_1_341' title='bbox 326 4229 384 4295; x_wconf 86' lang='lat' dir='ltr'>der</span> <span class='ocrx_word' id='word_1_342' title='bbox 400 4234 440 4318; x_wconf 89' lang='lat' dir='ltr'>ja</span> <span class='ocrx_word' id='word_1_343' title='bbox 455 4232 537 4296; x_wconf 91' lang='lat' dir='ltr'>auch</span> <span class='ocrx_word' id='word_1_344' title='bbox 554 4231 613 4295; x_wconf 90' lang='lat' dir='ltr'>das</span> <span class='ocrx_word' id='word_1_345' title='bbox 635 4231 813 4316; x_wconf 89' lang='lat' dir='ltr'>temporale</span> <span class='ocrx_word' id='word_1_346' title='bbox 827 4231 883 4295; x_wconf 66' lang='lat' dir='ltr'>aba·</span> <span class='ocrx_word' id='word_1_347' title='bbox 897 4253 933 4295; x_wconf 94' lang='lat' dir='ltr'>so</span> <span class='ocrx_word' id='word_1_348' title='bbox 950 4230 1136 4314; x_wconf 89' lang='lat' dir='ltr'>construirt,</span> <span class='ocrx_word' id='word_1_349' title='bbox 1159 4229 1229 4296; x_wconf 91' lang='lat' dir='ltr'>also</span> <span class='ocrx_word' id='word_1_350' title='bbox 1253 4232 1283 4310; x_wconf 87' lang='lat'>3,</span> 
     </span>
     <span class='ocr_line' id='line_1_40' title="bbox 142 4330 1283 4419; baseline -0.003 -22"><span class='ocrx_word' id='word_1_351' title='bbox 142 4333 190 4413; x_wconf 88' lang='grc'>36,</span> <span class='ocrx_word' id='word_1_352' title='bbox 213 4333 234 4397; x_wconf 94' lang='grc'>8</span> <span class='ocrx_word' id='word_1_353' title='bbox 256 4334 284 4397; x_wconf 88' lang='grc'>61</span> <span class='ocrx_word' id='word_1_354' title='bbox 306 4335 379 4419; x_wconf 91' lang='lat' dir='ltr'>quis</span> <span class='ocrx_word' id='word_1_355' title='bbox 402 4331 559 4416; x_wconf 86' lang='lat' dir='ltr'>collegam</span> <span class='ocrx_word' id='word_1_356' title='bbox 582 4330 792 4418; x_wconf 87' lang='lat' dir='ltr'>appellasset,</span> <span class='ocrx_word' id='word_1_357' title='bbox 816 4368 852 4379; x_wconf 91' lang='lat'><em>-</em></span> <span class='ocrx_word' id='word_1_358' title='bbox 878 4330 1078 4396; x_wconf 88' lang='lat' dir='ltr'>discedebat.</span> <span class='ocrx_word' id='word_1_359' title='bbox 1123 4332 1152 4411; x_wconf 91' lang='grc'>3,</span> <span class='ocrx_word' id='word_1_360' title='bbox 1176 4332 1283 4414; x_wconf 83' lang='lat'>50,12</span> 
     </span>
     <span class='ocr_line' id='line_1_41' title="bbox 142 4433 1283 4534; baseline -0.001 -37"><span class='ocrx_word' id='word_1_361' title='bbox 142 4434 312 4521; x_wconf 84' lang='lat' dir='ltr'>imperium</span> <span class='ocrx_word' id='word_1_362' title='bbox 335 4434 363 4499; x_wconf 90' lang='lat' dir='ltr'>si</span> <span class='ocrx_word' id='word_1_363' title='bbox 385 4437 458 4534; x_wconf 75' lang='lat' dir='ltr'>quis</span> <span class='ocrx_word' id='word_1_364' title='bbox 480 4433 660 4515; x_wconf 89' lang='lat' dir='ltr'>inhiberet,</span> <span class='ocrx_word' id='word_1_365' title='bbox 684 4470 724 4480; x_wconf 95' lang='lat'><em>-</em></span> <span class='ocrx_word' id='word_1_366' title='bbox 746 4433 968 4519; x_wconf 87' lang='lat' dir='ltr'>respondetur.</span> <span class='ocrx_word' id='word_1_367' title='bbox 1013 4433 1049 4515; x_wconf 92' lang='lat'>8,</span> <span class='ocrx_word' id='word_1_368' title='bbox 1073 4433 1109 4515; x_wconf 92' lang='lat'>8,</span> <span class='ocrx_word' id='word_1_369' title='bbox 1133 4433 1153 4497; x_wconf 87' lang='grc'>9</span> <span class='ocrx_word' id='word_1_370' title='bbox 1175 4433 1205 4496; x_wconf 86' lang='grc'>61</span> <span class='ocrx_word' id='word_1_371' title='bbox 1227 4433 1283 4497; x_wconf 89' lang='lat' dir='ltr'>ha·</span> 
     </span>
    </p>
   </div>
   <div class='ocr_carea' id='block_1_4' title="bbox 0 0 1478 4988">
    <p class='ocr_par' dir='ltr' id='par_1_7' title="bbox 0 0 1478 4988">
     <span class='ocr_line' id='line_1_42' title="bbox 0 0 1478 4988; baseline 0 1"><span class='ocrx_word' id='word_1_372' title='bbox 0 0 1478 4988; x_wconf 95' lang='lat' dir='ltr'> </span> 
     </span>
    </p>
   </div>
  </div>
 </body>
</html>
