2948 4988
586 342 909 404 -491-’

142 508 230 573 ihilo
259 509 364 573 minus
394 510 501 573 omnia
527 531 548 572 s
574 509 645 572 Deo
673 510 753 573 fieri.
799 509 868 573 Das
896 518 983 574 wtre
1010 508 1079 573 also
1106 509 1196 594 (falls
1219 511 1271 574 die

142 622 289 674 osunen
312 609 400 696 echt)
421 611 475 674 ein
497 610 628 674 starkes
652 610 822 697 Symptom
845 632 909 675 von
932 609 1130 695 Entsrtung.

211 713 246 777 b.
283 713 373 793 Quod
398 735 456 776 zur
477 711 709 799 Ankniipfung
736 715 825 778 eines
853 713 1202 799 Temporalsatzes
1230 716 1274 779 ist
1385 721 1393 735 '

142 815 272 880 eltoner
293 813 361 879 und
383 815 486 879 findet
508 815 578 879 sioh
600 837 659 880 vor
682 816 745 880 den
767 814 1029 903 Conjunotionen
1051 837 1131 897 eum,
1152 817 1216 899 obi,
1237 821 1274 880 ut

142 917 196 983 nd
218 919 316 982 51111111
331 922 432 998 atque.
471 919 535 981 Am
550 917 735 1003 heufigsten
749 919 794 981 ist
808 939 874 981 von
890 917 1001 981 diesen
1017 917 1274 1003 Verbindungen

217 1019 310 1100 Quod
329 1019 393 1100 ubi,
417 1018 505 1083 steht
525 1021 606 1084 aber
629 1030 694 1083 erst
718 1020 771 1084 bei
793 1018 875 1084 cio.
899 1019 994 1083 Verr.
1019 1018 1062 1100 11,
1084 1023 1096 1083 1
1116 1024 1147 1101 ξ.
1164 1021 1216 1104 61,
1240 1041 1275 1083 so

143 1143 236 1202 war,
260 1121 337 1185 dass
360 1122 443 1202 quod
464 1120 513 1185 uls
535 1120 754 1206 regelrechtes
777 1120 899 1209 Objeot
920 1124 1009 1186 eines
1033 1123 1195 1189 Verbums
1219 1122 1278 1187 der

142 1219 403 1308 Nehrnehmung
426 1225 485 1287 mit
507 1222 677 1309 folgender
693 1226 886 1311 Epexegsse
909 1224 1086 1289 erscheint:
1110 1223 1197 1312 quod
1219 1224 1278 1290 ubi

142 1321 184 1386 lle
207 1323 382 1407 intellexit,
407 1324 442 1390 id
463 1326 519 1410 agi
541 1337 640 1413 atque
662 1325 696 1390 id
719 1327 830 1412 parari
851 1336 889 1390 ut
910 1325 997 1390 filise
1020 1329 1166 1392 suaevis
1182 1328 1277 1392 affer-

143 1434 233 1509 etur,
255 1448 369 1491 servos
393 1449 468 1492 suos
484 1427 528 1491 ad
551 1450 586 1492 se
608 1440 715 1492 vocat.
754 1426 850 1493 Eben
865 1449 899 1491 so
914 1429 1110 1512 regelreeht:
1133 1429 1279 1510 4§.148

142 1529 221 1613 {uod
243 1530 301 1594 ubi
324 1528 488 1612 intellexi,
518 1529 655 1597 multum
683 1531 771 1618 apud
797 1530 890 1594 illum
918 1541 1063 1596 recentes
1086 1533 1215 1597 nuntios
1238 1569 1280 1580 -

142 1628 279 1696 ralusse
301 1640 359 1695 ott.
404 1629 446 1695 de
461 1653 507 1695 or.
524 1632 555 1712 2,
571 1632 614 1696 49
636 1632 723 1719 quod
746 1634 803 1697 ubi
826 1634 923 1709 sensi,
949 1655 1000 1697 me
1024 1673 1061 1681 -
1085 1633 1281 1699 constitisse.

142 1764 181 1778 -
206 1733 248 1799 So
281 1733 465 1818 gebraueht
496 1756 531 1799 es
560 1734 644 1799 auch
672 1734 836 1800 Caesar:
870 1734 901 1800 b.
925 1758 957 1819 g.
979 1737 1017 1818 3,
1040 1736 1082 1800 22
1110 1737 1197 1823 quod
1225 1734 1283 1800 ubi

142 1830 275 1899 Jrassus
298 1833 543 1916 animadvertit,
565 1857 641 1900 suas
665 1838 775 1920 copias
790 1874 832 1884 —
847 1859 912 1902 non
934 1836 1032 1903 facile
1054 1836 1178 1902 diduci.
1208 1835 1238 1901 b.
1253 1858 1282 1901 e.

142 1932 230 2010 216,
247 1975 289 1986 -
305 1936 402 2001 Fehlt
423 1936 479 2001 bei
500 1937 633 2002 Sallust.
650 1976 691 1986 —
706 1937 802 2002 Aueh
826 1939 879 2003 bei
895 1939 1037 2003 Livius
1058 1940 1105 2003 ist
1125 1940 1161 2002 in
1176 1936 1285 2001 dieser

142 2029 354 2123 serbindung
375 2038 434 2102 das
457 2036 589 2102 Relativ
611 2050 693 2104 stets
715 2039 775 2103 das
792 2037 915 2126 Object
930 2040 1020 2104 eines
1035 2039 1139 2105 Verbi
1155 2038 1284 2104 dicendi

144 2182 154 2196 .
182 2129 350 2206 sentiendi
372 2141 433 2203 mit
453 2139 727 2226 naohfolgendem
750 2142 1024 2227 epexegetisohen
1045 2141 1283 2206 Infinitivsatz:

142 2234 157 2313 ἶ,
184 2239 206 2302 7
238 2241 325 2329 quod
352 2240 411 2305 ubi
434 2279 475 2289 —
496 2245 783 2325 renuntiaverunt,
813 2242 962 2306 turbatas
991 2242 1133 2308 militum
1159 2251 1284 2307 mentes

142 2355 217 2407 ⁸⁸0.
261 2344 319 2422 24,
352 2343 392 2407 15
418 2343 504 2430 quod
532 2344 587 2409 ubi
615 2382 657 2392 -
683 2346 932 2422 nuntiaverunt,
960 2345 1122 2408 neminem
1145 2352 1285 2408 stentem

142 2454 198 2503 sm
224 2446 392 2512 vulnerari
415 2444 551 2509 hostem.
588 2445 640 2528 24,
656 2446 696 2510 31
718 2444 807 2533 quod
829 2444 886 2509 ubi
911 2482 947 2492 —
972 2444 1285 2524 animadverterunt,

142 2537 219 2609 ¹ulli
241 2547 406 2612 occasioni
428 2545 555 2610 fraudis
578 2548 761 2611 Romanum
783 2557 905 2634 patere.
951 2546 1129 2612 Dasselbe:
1158 2546 1210 2627 26,
1232 2547 1285 2626 44,

142 2635 164 2699 l·
201 2644 255 2730 28,
279 2649 309 2731 3,
332 2647 362 2711 8.
397 2648 449 2730 31,
471 2648 524 2730 29,
548 2648 577 2711 9.
609 2649 664 2729 42,
688 2650 705 2712 'l
729 2647 816 2736 quod
844 2648 901 2712 ubi
929 2646 1043 2714 consul
1064 2647 1167 2731 vidit,
1195 2645 1287 2712 nulls

142 2755 233 2819 Parte
260 2751 387 2814 moveri
415 2749 576 2833 Ligurum
605 2752 710 2834 signa.
740 2787 781 2798 -
809 2752 880 2814 Aus
910 2748 1069 2838 Spttersn
1096 2751 1204 2814 kenne
1232 2749 1286 2812 ioh

142 2857 201 2906 flur
228 2850 312 2917 noch
335 2851 443 2915 Ourt.
465 2851 501 2928 5,
524 2851 561 2934 3,
588 2851 626 2914 18
654 2853 741 2938 quod
767 2850 826 2915 ubi
854 2861 1042 2940 contemptu
1069 2853 1119 2916 sui
1150 2871 1286 2937 pergere

146 2939 264 3017 vident„
308 2952 392 3016 Hier
419 2953 464 3016 ist
491 2953 561 3017 also
591 2955 675 3034 quod
700 2952 793 3017 nieht
813 2953 906 3018 mehr
928 2952 1059 3040 Objsot.
1106 2953 1197 3033 Quod
1216 2972 1287 3018 crem

151 3058 251 3119 ment
278 3056 330 3119 bei
359 3052 505 3118 Cicero
533 3054 600 3118 und
622 3075 710 3118 zwar
731 3076 783 3134 so,
812 3053 890 3120 dass
921 3054 991 3119 hier
1014 3056 1098 3137 quod
1119 3053 1197 3119 bald
1220 3051 1286 3118 Ob-

154 3136 229 3230 ieet,
248 3153 324 3219 bald
348 3155 485 3243 Subjeet
512 3154 571 3219 des
599 3154 777 3240 folgenden
799 3155 963 3221 Verbums
986 3159 1045 3238 ist,
1077 3155 1125 3220 als
1148 3154 1286 3242 Objeot:

159 3241 206 3329 911·
223 3253 250 3336 3,
270 3258 322 3340 31,
347 3256 409 3320 112
436 3255 523 3344 quod
546 3278 619 3321 cum
640 3257 824 3321 audivisset
845 3256 1036 3321 adulescens
1059 3256 1162 3338 filius,
1188 3277 1286 3342 nego·

162 3339 231 3415 tium
254 3358 402 3424 exhiberi
429 3360 525 3445 patri.
574 3357 635 3422 Als
663 3356 815 3446 Subjeot:
848 3357 904 3421 fin.
926 3359 963 3442 3,
986 3358 1066 3441 2,8
1100 3357 1187 3444 quod
1213 3380 1287 3423 oum

166 3451 334 3543 1661116161,
363 3469 401 3524 ut
430 3459 512 3524 alter
534 3459 672 3526 alterum
693 3461 887 3544 necopinato
911 3459 1114 3544 videremus,
1135 3461 1287 3523 surrexit.

166 3535 203 3611 ⁸⁰
223 3561 296 3626 auch
325 3561 435 3626 Caes.
459 3560 491 3625 b.
514 3582 542 3624 e.
565 3562 595 3645 3,
618 3562 659 3626 68
689 3562 776 3648 quod
805 3582 880 3625 oum
909 3571 996 3626 esset
1023 3559 1288 3627 animadversum

168 3655 349 3728 Whimctam
377 3683 449 3727 esse
474 3661 617 3741 flumini,
644 3700 686 3710 -
713 3662 997 3728 transcenderunt.
1047 3661 1145 3726 Bell.
1175 3663 1287 3750 Hisp.

171 3739 213 3816 20·
232 3759 297 3828 Liv.
312 3765 367 3847 41,
393 3763 444 3847 10,
468 3763 485 3827 7
510 3763 596 3850 quod
619 3785 692 3828 cum
713 3763 762 3830 illi
785 3775 854 3829 tum
877 3763 1018 3829 consulis
1041 3764 1179 3852 imperio
1201 3764 1287 3831 dicto

172 3854 313 3931 ⁸1ldioutes
337 3865 466 3930 futuros
489 3888 560 3931 esse
583 3865 738 3931 dicerent.
777 3866 913 3953 Hygin
938 3866 1009 3931 103.

236 3965 320 4047 Quod
339 3972 393 4032 ot:
414 3966 487 4032 Liv.
503 3966 555 4047 32,
571 3968 625 4048 31,
647 3968 667 4030 6
689 3967 777 4054 quod
799 3979 837 4032 ut
857 3969 937 4032 satis
960 3967 1112 4053 apparuit
1133 3987 1199 4030 non
1221 3974 1285 4030 tae·

178 4047 231 4128 lto
247 4068 323 4135 belli
346 4079 506 4134 senatum.
551 4069 648 4133 Sonst
672 4069 762 4133 nicht
784 4067 944 4135 bemerkt.

236 4167 420 4236 Versinzelt
441 4171 485 4234 ist
507 4170 588 4234 auch
612 4170 665 4235 bei
688 4168 842 4235 Cernis.
865 4172 898 4252 4,
913 4169 955 4234 55
977 4171 1061 4251 quod
1080 4169 1175 4233 simol
1197 4173 1289 4251 atque

175 4257 312 4338 dnobus
344 4270 534 4358 prospexit,
568 4269 727 4336 fluctuare
761 4272 916 4358 populum
942 4308 984 4318 —
1012 4268 1105 4335 iubet
1135 4268 1290 4335 advocari

171 4372 340 4440 tortionem.

229 4496 255 4541 6.
278 4473 497 4541 (lauselsttre
520 4477 579 4540 mit
593 4477 680 4558 quio,
703 4476 863 4557 quomam,
887 4495 957 4540 eom
979 4473 1053 4539 sind
1067 4472 1172 4538 seltsn
1187 4472 1290 4538 durch

1085 4573 1139 4629 32*
