2924 4994
558 348 770 412 ..21-

75 498 208 564 Piderit
235 498 316 564 nach
341 499 435 564 Bake
460 501 516 565 sed
536 498 707 584 schreibt.)
752 500 792 564 de
814 521 860 563 or.
883 500 915 581 3,
939 500 981 564 23
1010 522 1136 565 summa
1163 503 1231 566 iam

73 609 250 665 senectute
271 613 322 667 est
344 611 376 665 et
398 601 543 688 quotidie
569 610 816 666 commentatur.
860 600 956 666 Tusc.
983 603 1010 680 1,
1033 603 1054 665 3
1079 611 1117 666 ut
1144 612 1232 667 recte

73 702 152 788 quis
176 702 297 768 sentiat
319 712 353 768 et
374 701 421 786 id,
444 702 530 790 quod
553 705 662 786 sentit,
685 703 787 788 polite
809 702 918 788 eloqui
940 724 1005 766 non
1027 704 1138 788 possit.

163 818 278 888 Caes.
294 819 325 884 b.
340 842 373 905 g.
388 822 419 904 4,
434 820 476 886 36
498 829 627 906 portum
651 842 768 906 capere
790 842 855 884 non
878 830 1055 902 potuerunt
1078 833 1110 886 et
1132 821 1229 908 paulo

70 921 164 986 iufra
186 919 316 985 delatae
339 931 423 986 sunt.
462 920 525 985 Mit
539 942 594 986 uc:
616 943 666 1007 cp.
682 922 724 986 35
745 924 901 1007 impetum
925 920 1034 986 hostes
1057 922 1144 986 ferre
1165 945 1231 987 nou

69 1032 255 1110 potuerunt
277 1045 315 1088 ao
339 1032 430 1108 terga
452 1033 630 1090 verterunt.
675 1023 752 1087 Wie
780 1023 881 1088 oben:
914 1024 945 1107 5,
969 1023 989 1088 8
1012 1043 1143 1087 cursum
1165 1046 1231 1089 nou

71 1124 183 1189 tenuit
207 1134 240 1188 et
261 1123 392 1207 longius
414 1123 540 1189 delatus
564 1134 620 1188 ott.

161 1242 234 1306 Aus
264 1240 421 1307 Sallust
448 1243 538 1306 eitirt
567 1242 662 1306 Kritz
691 1264 769 1306 nur:
805 1243 876 1328 [ug.
904 1243 1017 1325 107,3
1047 1241 1125 1307 nihil
1155 1243 1229 1309 dolo

71 1345 205 1409 laetum
227 1365 267 1410 ac
287 1345 393 1428 magis
417 1342 597 1408 calliditate
620 1341 816 1428 iugurthae.

161 1461 303 1547 Virgil
337 1460 395 1528 hat
427 1462 508 1526 nach
543 1461 729 1546 Forbiger's
762 1461 870 1528 Index
903 1484 965 1525 nur
998 1462 1087 1526 eine
1111 1462 1227 1526 Stelle:

68 1564 134 1629 ecl.
156 1566 189 1644 5,
213 1563 255 1628 89
277 1572 309 1627 et
332 1572 403 1627 erat
425 1572 492 1627 tum
515 1564 634 1648 dignus
656 1565 757 1628 amari
781 1567 834 1644 (=
857 1573 889 1628 et
911 1568 1041 1644 tamen.)

162 1664 258 1731 Hor.
282 1686 332 1751 ep.
354 1665 386 1747 2,
413 1666 439 1749 1,
461 1664 503 1728 53
526 1675 558 1728 et
581 1663 744 1728 mentibus
768 1663 888 1728 haeret.

161 1766 270 1832 Orid
303 1775 381 1829 met.
408 1766 438 1848 3,
468 1765 532 1829 456
566 1774 598 1829 et
632 1776 782 1830 amarunt
815 1787 866 1828 me
898 1786 1028 1852 quoque
1064 1767 1227 1854 nymphae

67 1871 131 1954 (=
156 1870 241 1954 sed).
264 1868 312 1949 12,
330 1867 389 1932 131
414 1868 502 1930 etin
526 1866 607 1931 duro
629 1865 715 1931 laedi
738 1877 794 1931 ctt.
832 1866 899 1931 lrer.
916 1867 947 1947 3,
964 1867 1005 1931 79
1021 1867 1066 1952 fg.
1107 1867 1156 1948 12,
1174 1869 1225 1932 65.

161 1985 246 2050 Liv.
273 1986 343 2069 l,4
375 2006 435 2050 nec
468 1985 552 2050 adiri
587 2007 724 2070 usquam
752 1986 793 2049 ad
828 1985 906 2049 iusti
936 2006 1067 2048 cursum
1096 1995 1226 2072 poterat

67 2087 181 2154 amnis
209 2097 241 2150 et
269 2108 428 2173 posse-
452 2087 557 2171 mergi
589 2108 674 2173 aqua
708 2086 850 2152 infantes
879 2087 914 2170 (i.
937 2108 965 2150 e.
995 2108 1060 2150 non
1083 2088 1224 2172 quidem,

68 2188 132 2255 sed
155 2188 291 2274 tamen).
336 2185 511 2252 Vielleielrt
531 2188 615 2252 auch
637 2208 687 2274 cp.
711 2188 751 2252 31
775 2196 900 2251 montes
924 2187 1024 2252 effuso
1048 2209 1145 2252 cursu
1168 2189 1224 2254 Sa-

70 2290 146 2357 bini
170 2287 327 2376 petebant
349 2297 381 2352 et
408 2290 505 2375 pauci
532 2300 665 2353 tenuere
701 2288 797 2370 (doch
820 2310 884 2353 von
906 2287 1005 2352 Hand
1029 2288 1061 2354 S.
1084 2289 1146 2354 497
1169 2312 1224 2355 an-

67 2393 148 2458 ders
170 2391 324 2477 gelasst).
361 2390 390 2469 4,
413 2389 455 2454 23
478 2400 511 2455 et
532 2389 662 2454 Tubero
685 2391 827 2455 incertus
849 2393 920 2455 veri
942 2400 1002 2455 est.
1039 2391 1070 2472 4,
1085 2392 1128 2456 50
1150 2414 1222 2456 oum

68 2494 224 2560 fremitus
247 2501 337 2557 esset
359 2503 392 2557 et
414 2502 568 2579 quaestor
589 2491 625 2556 P.
651 2492 776 2556 Sestius
793 2529 832 2539 —
856 2493 997 2557 coerceri
1021 2503 1151 2578 putaret
1174 2517 1222 2558 se-

68 2596 232 2661 ditionem
268 2616 365 2681 posse
398 2594 667 2678 (Weissenbornz
702 2594 767 2657 und
803 2593 908 2676 doeh.)
952 2594 1005 2674 24,
1027 2593 1079 2677 27,
1103 2595 1132 2658 7.
1169 2595 1222 2679 25,

68 2698 123 2769 25,
147 2699 178 2763 5.
224 2696 276 2778 35,
303 2695 351 2776 10,
374 2695 405 2759 5.
448 2694 626 2774 42,10,3.
664 2694 716 2777 28,
739 2694 789 2776 26,
817 2697 865 2758 11.
908 2692 960 2777 29,
984 2696 1035 2777 27,
1058 2694 1088 2758 6.
1133 2694 1224 2759 Aber

69 2800 132 2862 mit
154 2796 260 2862 Recht
282 2796 433 2862 schliesst
456 2794 554 2859 Hand
577 2796 713 2859 hiervon
735 2818 806 2859 aus:
836 2796 889 2876 44,
912 2796 963 2873 26,
987 2796 1006 2858 6
1030 2805 1061 2858 et
1085 2817 1221 2881 parvum

68 2901 158 2976 auri,
194 2916 244 2962 wo
266 2921 328 2962 nur
351 2897 499 2962 einfache
522 2897 752 2983 Ankni'rpfung
774 2921 814 2960 zu
840 2897 1007 2960 erkennen
1030 2897 1082 2960 ist.
1108 2936 1145 2944 —
1170 2898 1220 2961 Im

69 3001 240 3084 Uebrigen
263 2999 390 3064 seheint
412 2999 470 3063 der
492 2998 665 3064 Gebrauoh
694 2999 747 3063 bei
770 3000 886 3062 Livius
911 2998 1027 3078 selton,
1063 2999 1121 3062 der
1143 3000 1221 3064 aber

67 3103 153 3168 auch
177 3102 325 3185 queunt]
349 3107 442 3183 atque
474 3111 554 3165 statt
579 3101 667 3164 einer
693 3100 924 3164 adversativen
953 3099 1102 3165 Partikol
1128 3111 1222 3166 setzt

67 3203 147 3290 vgt.
174 3212 276 3267 unten
299 3207 329 3285 ξ.
353 3203 427 3281 314,
454 3203 501 3266 10.
539 3206 567 3283 ξ.
591 3203 663 3285 315,
686 3203 715 3265 6.
740 3202 769 3264 0.

154 3315 246 3385 Tac.
275 3322 399 3407 Agr.9
432 3343 565 3385 severus
599 3333 631 3384 et
665 3321 793 3406 saepius
828 3319 1021 3383 misericors.
1070 3321 1100 3384 h.
1123 3324 1153 3404 2,
1178 3322 1220 3385 20

67 3424 232 3512 speciosis
255 3434 288 3487 et
310 3424 413 3487 irritis
441 3420 635 3487 nominibus.
680 3444 755 3485 anu.
784 3424 810 3502 1,
837 3422 874 3484 13
907 3422 1041 3484 avidum
1066 3433 1097 3485 et
1119 3423 1219 3486 mino·

64 3548 146 3590 rem.
185 3525 228 3589 38
250 3525 400 3589 turbidos
425 3536 456 3588 et
478 3523 558 3588 nihil
580 3545 687 3586 ausos.
734 3523 783 3601 12,
806 3523 847 3586 52
877 3533 1008 3586 senatus
1036 3523 1227 3588 consultum·

63 3642 165 3693 atrox
182 3637 218 3690 et
232 3626 370 3692 irritum.
410 3627 460 3705 14,
476 3626 518 3689 65
538 3646 656 3709 magna
679 3623 778 3688 moles
803 3635 834 3688 et
855 3627 1067 3711 improspera.
1105 3626 1217 3690 Etwas

63 3730 187 3794 andere
213 3729 295 3813 Agr.
321 3729 359 3792 15
382 3728 429 3791 sic
452 3726 644 3791 Germanias
667 3726 851 3790 excussisse
875 3727 997 3810 iugum,
1022 3737 1053 3790 et
1076 3725 1216 3803 flumine,

60 3854 130 3897 non
154 3831 290 3895 Oceano
313 3827 447 3893 defendi
469 3826 574 3910 („und
597 3826 680 3891 doeh
702 3830 812 3913 nur“).

152 3930 330 4012 Quintil.
354 3932 385 4010 9,
408 3930 438 4009 2,
466 3931 512 3998 15.

151 4034 185 4098 N
195 4053 288 4118 epos
310 4032 343 4113 4,
366 4033 397 4112 3,
423 4032 440 4094 ”l
465 4041 496 4095 et
519 4031 784 4117 exspectandum.
824 4032 873 4113 14,
890 4032 958 4112 6,4
981 4032 1118 4119 relinqui
1143 4054 1216 4095 eum

60 4160 127 4203 non
152 4156 218 4222 par
240 4156 312 4197 esse
335 4143 368 4197 et
390 4154 502 4197 omnes
524 4134 695 4198 confestim
711 4133 813 4217 sequi.
855 4134 904 4215 18,
920 4134 987 4216 4,3
1011 4133 1043 4196 in
1066 4134 1130 4197 fide
1152 4156 1216 4197 non

62 4238 188 4303 mansit
215 4247 246 4298 et
270 4258 304 4297 se
327 4272 367 4281 -
390 4235 524 4320 recepit.
562 4256 611 4319 cp.
634 4235 665 4318 6,
689 4236 709 4298 2
737 4257 777 4298 ne
800 4257 835 4298 se
858 4245 1004 4299 moveret
1027 4244 1059 4298 et
1082 4257 1215 4321 exspoc-

60 4351 159 4421 taret,
185 4336 296 4423 quoad
318 4346 375 4400 ott.

152 4460 205 4521 11.
244 4453 358 4521 Etwas
375 4437 666 4540 Ge'gensatztiehes
689 4455 780 4521 loitct
799 4461 827 4522 el
849 4456 900 4519 ein
924 4455 977 4521 bei
994 4455 1099 4521 einem
1115 4458 1213 4520 Aus-
