<?xml version="1.0" encoding="UTF-8"?>
<!DOCTYPE html PUBLIC "-//W3C//DTD XHTML 1.0 Transitional//EN"
    "http://www.w3.org/TR/xhtml1/DTD/xhtml1-transitional.dtd">
<html xmlns="http://www.w3.org/1999/xhtml" xml:lang="en" lang="en">
 <head>
  <title>
</title>
<meta http-equiv="Content-Type" content="text/html;charset=utf-8" />
  <meta name='ocr-system' content='tesseract 3.04.00' />
  <meta name='ocr-capabilities' content='ocr_page ocr_carea ocr_par ocr_line ocrx_word'/>
</head>
<body>
  <div class='ocr_page' id='page_1' title='image "./historischesynt01draegoog/historischesynt01draegoog_0664.png"; bbox 0 0 2924 4994; ppageno 0'>
   <div class='ocr_carea' id='block_1_1' title="bbox 651 310 879 375">
    <p class='ocr_par' dir='ltr' id='par_1_1' title="bbox 651 310 879 375">
     <span class='ocr_line' id='line_1_1' title="bbox 651 310 879 375; baseline 0.004 -1"><span class='ocrx_word' id='word_1_1' title='bbox 651 347 681 357; x_wconf 87' lang='lat'>-</span> <span class='ocrx_word' id='word_1_2' title='bbox 734 310 879 375; x_wconf 87' lang='grc'>639-</span> 
     </span>
    </p>
   </div>
   <div class='ocr_carea' id='block_1_2' title="bbox 152 467 1450 4552">
    <p class='ocr_par' dir='ltr' id='par_1_2' title="bbox 186 467 1335 1175">
     <span class='ocr_line' id='line_1_2' title="bbox 186 467 1335 567; baseline 0 -23"><span class='ocrx_word' id='word_1_3' title='bbox 186 480 400 565; x_wconf 84' lang='lat' dir='ltr'><strong>Bedeutung:</strong></span> <span class='ocrx_word' id='word_1_4' title='bbox 425 477 541 563; x_wconf 88' lang='lat' dir='ltr'><strong>„nicht</strong></span> <span class='ocrx_word' id='word_1_5' title='bbox 562 478 737 545; x_wconf 80' lang='lat' dir='ltr'><strong>nweifein“</strong></span> <span class='ocrx_word' id='word_1_6' title='bbox 759 481 825 544; x_wconf 91' lang='lat' dir='ltr'><strong>und</strong></span> <span class='ocrx_word' id='word_1_7' title='bbox 848 480 962 563; x_wconf 89' lang='lat' dir='ltr'><strong>„nicht</strong></span> <span class='ocrx_word' id='word_1_8' title='bbox 982 480 1162 545; x_wconf 85' lang='lat' dir='ltr'><strong>Bedenken</strong></span> <span class='ocrx_word' id='word_1_9' title='bbox 1184 467 1335 567; x_wconf 84' lang='lat' dir='ltr'><strong>tragen.“</strong></span> 
     </span>
     <span class='ocr_line' id='line_1_3' title="bbox 188 580 1333 666; baseline 0.001 -20"><span class='ocrx_word' id='word_1_10' title='bbox 188 582 372 664; x_wconf 84' lang='lat' dir='ltr'><strong>Letnteres,</strong></span> <span class='ocrx_word' id='word_1_11' title='bbox 396 582 468 646; x_wconf 87' lang='lat' dir='ltr'><strong>eine</strong></span> <span class='ocrx_word' id='word_1_12' title='bbox 490 580 676 666; x_wconf 86' lang='lat' dir='ltr'><strong>Neuerung,</strong></span> <span class='ocrx_word' id='word_1_13' title='bbox 699 582 795 646; x_wconf 87' lang='lat' dir='ltr'><strong>istiu</strong></span> <span class='ocrx_word' id='word_1_14' title='bbox 819 586 849 664; x_wconf 62' lang='grc' dir='ltr'><strong>ξ.</strong></span> <span class='ocrx_word' id='word_1_15' title='bbox 865 582 938 665; x_wconf 80' lang='lat'><strong>424,</strong></span> <span class='ocrx_word' id='word_1_16' title='bbox 961 582 1030 664; x_wconf 86' lang='lat' dir='ltr'><strong>8,d</strong></span> <span class='ocrx_word' id='word_1_17' title='bbox 1054 581 1231 647; x_wconf 82' lang='lat' dir='ltr'><strong>behandelt</strong></span> <span class='ocrx_word' id='word_1_18' title='bbox 1254 606 1333 648; x_wconf 90' lang='lat' dir='ltr'><strong>wor-</strong></span> 
     </span>
     <span class='ocr_line' id='line_1_4' title="bbox 188 680 1335 767; baseline 0.005 -21"><span class='ocrx_word' id='word_1_19' title='bbox 188 682 264 748; x_wconf 86' lang='lat' dir='ltr'><strong>den.</strong></span> <span class='ocrx_word' id='word_1_20' title='bbox 309 680 526 747; x_wconf 83' lang='lat' dir='ltr'><strong>Ausserdem:</strong></span> <span class='ocrx_word' id='word_1_21' title='bbox 548 687 657 759; x_wconf 84' lang='lat' dir='ltr'><strong>facere</strong></span> <span class='ocrx_word' id='word_1_22' title='bbox 682 684 748 749; x_wconf 89' lang='lat' dir='ltr'><strong>und</strong></span> <span class='ocrx_word' id='word_1_23' title='bbox 777 686 848 767; x_wconf 69' lang='lat' dir='ltr'><strong>[tert</strong></span> <span class='ocrx_word' id='word_1_24' title='bbox 869 705 935 749; x_wconf 79' lang='lat' dir='ltr'><strong>non</strong></span> <span class='ocrx_word' id='word_1_25' title='bbox 950 704 1055 767; x_wconf 81' lang='lat' dir='ltr'><strong>posse,</strong></span> <span class='ocrx_word' id='word_1_26' title='bbox 1084 687 1181 750; x_wconf 62' lang='lat' dir='ltr'><strong>teneri</strong></span> <span class='ocrx_word' id='word_1_27' title='bbox 1203 684 1281 749; x_wconf 89' lang='lat' dir='ltr'><strong>oder</strong></span> <span class='ocrx_word' id='word_1_28' title='bbox 1303 706 1335 752; x_wconf 86' lang='lat' dir='ltr'><strong>se</strong></span> 
     </span>
     <span class='ocr_line' id='line_1_5' title="bbox 189 786 1332 870; baseline 0.003 -20"><span class='ocrx_word' id='word_1_29' title='bbox 189 790 305 864; x_wconf 60' lang='lat' dir='ltr'><strong>mttere,</strong></span> <span class='ocrx_word' id='word_1_30' title='bbox 329 805 393 850; x_wconf 79' lang='lat' dir='ltr'><strong>non</strong></span> <span class='ocrx_word' id='word_1_31' title='bbox 415 786 629 865; x_wconf 73' lang='lat' dir='ltr'><strong><em>intermittere,</em></strong></span> <span class='ocrx_word' id='word_1_32' title='bbox 651 786 748 869; x_wconf 81' lang='lat' dir='ltr'><em>nihil,</em></span> <span class='ocrx_word' id='word_1_33' title='bbox 771 806 859 850; x_wconf 77' lang='lat' dir='ltr'><strong>uerno</strong></span> <span class='ocrx_word' id='word_1_34' title='bbox 882 786 950 849; x_wconf 92' lang='lat' dir='ltr'><strong>und</strong></span> <span class='ocrx_word' id='word_1_35' title='bbox 972 787 1078 851; x_wconf 72' lang='lat' dir='ltr'><strong>stultus</strong></span> <span class='ocrx_word' id='word_1_36' title='bbox 1099 791 1157 864; x_wconf 82' lang='lat' dir='ltr'><strong>est,</strong></span> <span class='ocrx_word' id='word_1_37' title='bbox 1187 790 1258 869; x_wconf 77' lang='lat' dir='ltr'><strong>quis</strong></span> <span class='ocrx_word' id='word_1_38' title='bbox 1279 793 1332 870; x_wconf 79' lang='lat' dir='ltr'><strong>est,</strong></span> 
     </span>
     <span class='ocr_line' id='line_1_6' title="bbox 187 887 1335 972; baseline 0.003 -21"><span class='ocrx_word' id='word_1_39' title='bbox 187 887 272 952; x_wconf 69' lang='lat' dir='ltr'><strong>nibil</strong></span> <span class='ocrx_word' id='word_1_40' title='bbox 293 906 409 952; x_wconf 78' lang='lat' dir='ltr'><strong>causae</strong></span> <span class='ocrx_word' id='word_1_41' title='bbox 436 891 493 968; x_wconf 78' lang='lat' dir='ltr'><strong>est,</strong></span> <span class='ocrx_word' id='word_1_42' title='bbox 521 888 600 968; x_wconf 76' lang='lat' dir='ltr'><strong>quid</strong></span> <span class='ocrx_word' id='word_1_43' title='bbox 620 907 734 952; x_wconf 78' lang='lat' dir='ltr'><strong>consec</strong></span> <span class='ocrx_word' id='word_1_44' title='bbox 761 893 818 965; x_wconf 80' lang='lat' dir='ltr'><strong>est,</strong></span> <span class='ocrx_word' id='word_1_45' title='bbox 847 889 1003 970; x_wconf 80' lang='lat' dir='ltr'><strong>numquid</strong></span> <span class='ocrx_word' id='word_1_46' title='bbox 1030 894 1073 953; x_wconf 78' lang='lat' dir='ltr'><strong>est</strong></span> <span class='ocrx_word' id='word_1_47' title='bbox 1094 909 1223 972; x_wconf 77' lang='lat' dir='ltr'><strong>causae,</strong></span> <span class='ocrx_word' id='word_1_48' title='bbox 1252 891 1335 955; x_wconf 78' lang='lat' dir='ltr'><strong>nibil</strong></span> 
     </span>
     <span class='ocr_line' id='line_1_7' title="bbox 189 986 1335 1073; baseline 0.003 -20"><span class='ocrx_word' id='word_1_49' title='bbox 189 1008 305 1054; x_wconf 67' lang='lat' dir='ltr'><strong>cernue</strong></span> <span class='ocrx_word' id='word_1_50' title='bbox 325 989 404 1053; x_wconf 82' lang='lat' dir='ltr'><strong>dieo.</strong></span> <span class='ocrx_word' id='word_1_51' title='bbox 438 986 529 1052; x_wconf 88' lang='lat' dir='ltr'><strong>Alles</strong></span> <span class='ocrx_word' id='word_1_52' title='bbox 553 988 623 1053; x_wconf 88' lang='lat' dir='ltr'><strong>dies</strong></span> <span class='ocrx_word' id='word_1_53' title='bbox 646 988 706 1052; x_wconf 92' lang='lat' dir='ltr'><strong>mit</strong></span> <span class='ocrx_word' id='word_1_54' title='bbox 721 987 844 1053; x_wconf 89' lang='lat' dir='ltr'><strong>Stellen</strong></span> <span class='ocrx_word' id='word_1_55' title='bbox 867 1012 907 1053; x_wconf 86' lang='lat' dir='ltr'><strong>zu</strong></span> <span class='ocrx_word' id='word_1_56' title='bbox 932 987 1079 1073; x_wconf 86' lang='lat' dir='ltr'><strong>belegen,</strong></span> <span class='ocrx_word' id='word_1_57' title='bbox 1102 989 1231 1055; x_wconf 91' lang='lat' dir='ltr'><strong>scheint</strong></span> <span class='ocrx_word' id='word_1_58' title='bbox 1245 992 1335 1056; x_wconf 89' lang='lat' dir='ltr'><strong>nicht</strong></span> 
     </span>
     <span class='ocr_line' id='line_1_8' title="bbox 188 1089 314 1175; baseline -0.024 -20"><span class='ocrx_word' id='word_1_59' title='bbox 188 1089 314 1175; x_wconf 85' lang='lat' dir='ltr'><strong>nothig.</strong></span> 
     </span>
    </p>

    <p class='ocr_par' dir='ltr' id='par_1_3' title="bbox 188 1189 1450 2297">
     <span class='ocr_line' id='line_1_9' title="bbox 273 1189 1333 1277; baseline 0.001 -20"><span class='ocrx_word' id='word_1_60' title='bbox 273 1191 306 1257; x_wconf 90' lang='lat' dir='ltr'><strong>b.</strong></span> <span class='ocrx_word' id='word_1_61' title='bbox 345 1189 496 1256; x_wconf 86' lang='lat' dir='ltr'><strong>Lockere</strong></span> <span class='ocrx_word' id='word_1_62' title='bbox 519 1191 775 1276; x_wconf 86' lang='lat' dir='ltr'><strong>Verbindungen</strong></span> <span class='ocrx_word' id='word_1_63' title='bbox 800 1192 921 1275; x_wconf 89' lang='lat' dir='ltr'><strong>(„ohne</strong></span> <span class='ocrx_word' id='word_1_64' title='bbox 944 1192 1059 1277; x_wconf 83' lang='lat' dir='ltr'><strong>dass“)</strong></span> <span class='ocrx_word' id='word_1_65' title='bbox 1088 1194 1163 1256; x_wconf 90' lang='lat' dir='ltr'><strong>sind</strong></span> <span class='ocrx_word' id='word_1_66' title='bbox 1191 1193 1244 1258; x_wconf 87' lang='lat' dir='ltr'><strong>bei</strong></span> <span class='ocrx_word' id='word_1_67' title='bbox 1267 1193 1333 1258; x_wconf 94' lang='lat' dir='ltr'><strong>ihm</strong></span> 
     </span>
     <span class='ocr_line' id='line_1_10' title="bbox 189 1292 1333 1380; baseline 0 -21"><span class='ocrx_word' id='word_1_68' title='bbox 189 1293 281 1359; x_wconf 90' lang='lat' dir='ltr'><strong>nicht</strong></span> <span class='ocrx_word' id='word_1_69' title='bbox 304 1292 432 1378; x_wconf 77' lang='lat' dir='ltr'><strong>hnufig:</strong></span> <span class='ocrx_word' id='word_1_70' title='bbox 455 1316 484 1380; x_wconf 91' lang='lat' dir='ltr'><strong>p.</strong></span> <span class='ocrx_word' id='word_1_71' title='bbox 509 1292 600 1358; x_wconf 81' lang='lat' dir='ltr'><strong>Sulla</strong></span> <span class='ocrx_word' id='word_1_72' title='bbox 625 1295 673 1377; x_wconf 83' lang='lat'><strong>15,</strong></span> <span class='ocrx_word' id='word_1_73' title='bbox 688 1294 731 1359; x_wconf 88' lang='lat'><strong>43</strong></span> <span class='ocrx_word' id='word_1_74' title='bbox 754 1296 863 1380; x_wconf 84' lang='lat' dir='ltr'><strong>itaque</strong></span> <span class='ocrx_word' id='word_1_75' title='bbox 886 1294 961 1358; x_wconf 87' lang='lat' dir='ltr'><strong>dico</strong></span> <span class='ocrx_word' id='word_1_76' title='bbox 982 1294 1089 1361; x_wconf 88' lang='lat' dir='ltr'><strong>locum</strong></span> <span class='ocrx_word' id='word_1_77' title='bbox 1112 1296 1146 1358; x_wconf 89' lang='lat' dir='ltr'><strong>in</strong></span> <span class='ocrx_word' id='word_1_78' title='bbox 1169 1295 1247 1359; x_wconf 92' lang='lat' dir='ltr'><strong>orbe</strong></span> <span class='ocrx_word' id='word_1_79' title='bbox 1270 1305 1333 1359; x_wconf 85' lang='lat' dir='ltr'><strong>ter·</strong></span> 
     </span>
     <span class='ocr_line' id='line_1_11' title="bbox 188 1393 1334 1483; baseline 0.001 -23"><span class='ocrx_word' id='word_1_80' title='bbox 188 1417 298 1461; x_wconf 80' lang='lat' dir='ltr'><strong>rarum</strong></span> <span class='ocrx_word' id='word_1_81' title='bbox 322 1417 393 1460; x_wconf 87' lang='lat' dir='ltr'><strong>esse</strong></span> <span class='ocrx_word' id='word_1_82' title='bbox 416 1393 556 1479; x_wconf 90' lang='lat' dir='ltr'><strong>nullum,</strong></span> <span class='ocrx_word' id='word_1_83' title='bbox 584 1397 704 1481; x_wconf 91' lang='lat' dir='ltr'><strong>quoin</strong></span> <span class='ocrx_word' id='word_1_84' title='bbox 732 1394 802 1462; x_wconf 89' lang='lat' dir='ltr'><strong>loco</strong></span> <span class='ocrx_word' id='word_1_85' title='bbox 826 1394 938 1483; x_wconf 90' lang='lat' dir='ltr'><strong>populi</strong></span> <span class='ocrx_word' id='word_1_86' title='bbox 960 1396 1000 1460; x_wconf 92' lang='lat' dir='ltr'>R.</span> <span class='ocrx_word' id='word_1_87' title='bbox 1029 1418 1145 1461; x_wconf 87' lang='lat' dir='ltr'><strong>nomen</strong></span> <span class='ocrx_word' id='word_1_88' title='bbox 1174 1398 1231 1475; x_wconf 90' lang='lat' dir='ltr'><strong>sit,</strong></span> <span class='ocrx_word' id='word_1_89' title='bbox 1255 1399 1334 1482; x_wconf 92' lang='lat' dir='ltr'><strong>quin</strong></span> 
     </span>
     <span class='ocr_line' id='line_1_12' title="bbox 190 1496 1332 1585; baseline -0.002 -21"><span class='ocrx_word' id='word_1_90' title='bbox 190 1500 303 1564; x_wconf 86' lang='lat' dir='ltr'><strong>eodem</strong></span> <span class='ocrx_word' id='word_1_91' title='bbox 325 1497 542 1584; x_wconf 86' lang='lat' dir='ltr'><strong>perscriptum</strong></span> <span class='ocrx_word' id='word_1_92' title='bbox 557 1497 618 1562; x_wconf 91' lang='lat' dir='ltr'><strong>hoc</strong></span> <span class='ocrx_word' id='word_1_93' title='bbox 633 1496 790 1562; x_wconf 91' lang='lat' dir='ltr'><strong>indicium</strong></span> <span class='ocrx_word' id='word_1_94' title='bbox 805 1499 1000 1585; x_wconf 88' lang='lat' dir='ltr'><strong>pervenerit.</strong></span> <span class='ocrx_word' id='word_1_95' title='bbox 1030 1498 1118 1563; x_wconf 90' lang='lat' dir='ltr'><strong>Oder</strong></span> <span class='ocrx_word' id='word_1_96' title='bbox 1134 1499 1191 1562; x_wconf 89' lang='lat' dir='ltr'><strong>der</strong></span> <span class='ocrx_word' id='word_1_97' title='bbox 1207 1497 1332 1585; x_wconf 84' lang='lat' dir='ltr'><strong>Haupt·</strong></span> 
     </span>
     <span class='ocr_line' id='line_1_13' title="bbox 191 1598 1333 1687; baseline -0.003 -22"><span class='ocrx_word' id='word_1_98' title='bbox 191 1609 258 1665; x_wconf 82' lang='lat' dir='ltr'><strong>satz</strong></span> <span class='ocrx_word' id='word_1_99' title='bbox 282 1599 340 1664; x_wconf 84' lang='lat' dir='ltr'><strong>hat</strong></span> <span class='ocrx_word' id='word_1_100' title='bbox 362 1598 420 1663; x_wconf 83' lang='lat' dir='ltr'><strong>dos</strong></span> <span class='ocrx_word' id='word_1_101' title='bbox 444 1598 565 1686; x_wconf 90' lang='lat' dir='ltr'><strong>Object</strong></span> <span class='ocrx_word' id='word_1_102' title='bbox 585 1600 686 1665; x_wconf 79' lang='lat' dir='ltr'><strong>nibil:</strong></span> <span class='ocrx_word' id='word_1_103' title='bbox 714 1599 798 1664; x_wconf 91' lang='lat' dir='ltr'>Phil.</span> <span class='ocrx_word' id='word_1_104' title='bbox 821 1602 851 1681; x_wconf 84' lang='lat'><strong>2,</strong></span> <span class='ocrx_word' id='word_1_105' title='bbox 878 1600 928 1680; x_wconf 86' lang='lat'><strong>10,</strong></span> <span class='ocrx_word' id='word_1_106' title='bbox 950 1600 992 1666; x_wconf 81' lang='lat'><strong>23</strong></span> <span class='ocrx_word' id='word_1_107' title='bbox 1015 1600 1095 1665; x_wconf 90' lang='lat' dir='ltr'><strong>nihil</strong></span> <span class='ocrx_word' id='word_1_108' title='bbox 1118 1600 1333 1687; x_wconf 79' lang='lat' dir='ltr'><strong>praetermisi,</strong></span> 
     </span>
     <span class='ocr_line' id='line_1_14' title="bbox 191 1700 1333 1788; baseline 0 -22"><span class='ocrx_word' id='word_1_109' title='bbox 191 1710 346 1788; x_wconf 77' lang='lat' dir='ltr'><strong>quantum</strong></span> <span class='ocrx_word' id='word_1_110' title='bbox 377 1701 484 1765; x_wconf 79' lang='lat' dir='ltr'><strong>facere</strong></span> <span class='ocrx_word' id='word_1_111' title='bbox 514 1700 658 1788; x_wconf 88' lang='lat' dir='ltr'><strong>enitique</strong></span> <span class='ocrx_word' id='word_1_112' title='bbox 686 1703 793 1786; x_wconf 90' lang='lat' dir='ltr'><strong>potui,</strong></span> <span class='ocrx_word' id='word_1_113' title='bbox 822 1704 901 1788; x_wconf 89' lang='lat' dir='ltr'><strong>quin</strong></span> <span class='ocrx_word' id='word_1_114' title='bbox 926 1704 1112 1788; x_wconf 85' lang='lat' dir='ltr'><strong>Pompeium</strong></span> <span class='ocrx_word' id='word_1_115' title='bbox 1141 1725 1161 1766; x_wconf 84' lang='lat' dir='ltr'>a</span> <span class='ocrx_word' id='word_1_116' title='bbox 1183 1703 1333 1767; x_wconf 78' lang='lat' dir='ltr'>Caesaris</span> 
     </span>
     <span class='ocr_line' id='line_1_15' title="bbox 192 1803 1450 1892; baseline 0.001 -25"><span class='ocrx_word' id='word_1_117' title='bbox 192 1803 418 1868; x_wconf 87' lang='lat' dir='ltr'><strong>coniunctione</strong></span> <span class='ocrx_word' id='word_1_118' title='bbox 438 1824 622 1869; x_wconf 74' lang='lat' dir='ltr'><strong>evocarem.</strong></span> <span class='ocrx_word' id='word_1_119' title='bbox 658 1803 753 1868; x_wconf 85' lang='lat' dir='ltr'><strong>Eben</strong></span> <span class='ocrx_word' id='word_1_120' title='bbox 776 1825 811 1867; x_wconf 88' lang='lat' dir='ltr'><strong>so</strong></span> <span class='ocrx_word' id='word_1_121' title='bbox 834 1804 877 1868; x_wconf 81' lang='lat' dir='ltr'><strong>ad</strong></span> <span class='ocrx_word' id='word_1_122' title='bbox 894 1805 956 1885; x_wconf 77' lang='lat' dir='ltr'><strong>Qu.</strong></span> <span class='ocrx_word' id='word_1_123' title='bbox 974 1804 1014 1868; x_wconf 86' lang='lat' dir='ltr'><strong>fr.</strong></span> <span class='ocrx_word' id='word_1_124' title='bbox 1030 1804 1060 1884; x_wconf 85' lang='lat'><strong>3,</strong></span> <span class='ocrx_word' id='word_1_125' title='bbox 1076 1805 1142 1886; x_wconf 89' lang='grc'><strong>3,1</strong></span> <span class='ocrx_word' id='word_1_126' title='bbox 1166 1815 1335 1892; x_wconf 82' lang='lat' dir='ltr'><strong>praeterea</strong></span> <span class='ocrx_word' id='word_1_127' title='bbox 1446 1808 1450 1814; x_wconf 83' lang='lat'>&#39;</span> 
     </span>
     <span class='ocr_line' id='line_1_16' title="bbox 192 1904 1334 1994; baseline 0.001 -24"><span class='ocrx_word' id='word_1_128' title='bbox 192 1905 231 1970; x_wconf 85' lang='lat' dir='ltr'><strong>de</strong></span> <span class='ocrx_word' id='word_1_129' title='bbox 252 1927 339 1993; x_wconf 82' lang='lat' dir='ltr'><strong>aqua</strong></span> <span class='ocrx_word' id='word_1_130' title='bbox 367 1904 464 1970; x_wconf 90' lang='lat' dir='ltr'><strong>etde</strong></span> <span class='ocrx_word' id='word_1_131' title='bbox 493 1904 548 1968; x_wconf 83' lang='lat' dir='ltr'><strong>via</strong></span> <span class='ocrx_word' id='word_1_132' title='bbox 575 1904 656 1970; x_wconf 90' lang='lat' dir='ltr'>nihil</span> <span class='ocrx_word' id='word_1_133' title='bbox 679 1906 899 1993; x_wconf 80' lang='lat' dir='ltr'>praetermisi,</span> <span class='ocrx_word' id='word_1_134' title='bbox 927 1905 1068 1994; x_wconf 80' lang='lat' dir='ltr'><strong>quadam</strong></span> <span class='ocrx_word' id='word_1_135' title='bbox 1097 1905 1233 1993; x_wconf 82' lang='lat' dir='ltr'><strong>epistole</strong></span> <span class='ocrx_word' id='word_1_136' title='bbox 1256 1908 1334 1994; x_wconf 91' lang='lat' dir='ltr'><strong>quin</strong></span> 
     </span>
     <span class='ocr_line' id='line_1_17' title="bbox 192 2007 1333 2096; baseline 0.002 -25"><span class='ocrx_word' id='word_1_137' title='bbox 192 2009 358 2073; x_wconf 83' lang='lat' dir='ltr'><strong>enucleate</strong></span> <span class='ocrx_word' id='word_1_138' title='bbox 381 2007 424 2071; x_wconf 83' lang='lat' dir='ltr'><strong>ad</strong></span> <span class='ocrx_word' id='word_1_139' title='bbox 445 2016 479 2072; x_wconf 86' lang='lat' dir='ltr'><strong>te</strong></span> <span class='ocrx_word' id='word_1_140' title='bbox 500 2008 745 2094; x_wconf 83' lang='lat' dir='ltr'><strong>perscriberem.</strong></span> <span class='ocrx_word' id='word_1_141' title='bbox 793 2007 854 2093; x_wconf 82' lang='lat' dir='ltr'><strong>leg.</strong></span> <span class='ocrx_word' id='word_1_142' title='bbox 880 2030 947 2093; x_wconf 83' lang='lat' dir='ltr'><strong>agr.</strong></span> <span class='ocrx_word' id='word_1_143' title='bbox 971 2010 991 2071; x_wconf 82' lang='lat'><em>2</em></span> <span class='ocrx_word' id='word_1_144' title='bbox 1013 2012 1041 2089; x_wconf 63' lang='grc' dir='ltr'><strong>ξ.</strong></span> <span class='ocrx_word' id='word_1_145' title='bbox 1069 2010 1108 2073; x_wconf 92' lang='grc'><strong>19</strong></span> <span class='ocrx_word' id='word_1_146' title='bbox 1130 2008 1216 2096; x_wconf 93' lang='lat' dir='ltr'><strong>quod</strong></span> <span class='ocrx_word' id='word_1_147' title='bbox 1239 2030 1333 2073; x_wconf 91' lang='lat' dir='ltr'><strong>nemo</strong></span> 
     </span>
     <span class='ocr_line' id='line_1_18' title="bbox 191 2108 1334 2197; baseline 0.003 -26"><span class='ocrx_word' id='word_1_148' title='bbox 191 2108 365 2191; x_wconf 84' lang='lat' dir='ltr'><strong>imminuit,</strong></span> <span class='ocrx_word' id='word_1_149' title='bbox 381 2131 477 2173; x_wconf 91' lang='lat' dir='ltr'><strong>nemo</strong></span> <span class='ocrx_word' id='word_1_150' title='bbox 499 2111 696 2194; x_wconf 82' lang='lat' dir='ltr'><strong>immutavit,</strong></span> <span class='ocrx_word' id='word_1_151' title='bbox 720 2112 797 2197; x_wconf 91' lang='lat' dir='ltr'><strong>quin</strong></span> <span class='ocrx_word' id='word_1_152' title='bbox 814 2149 851 2157; x_wconf 87' lang='lat'><em>-</em></span> <span class='ocrx_word' id='word_1_153' title='bbox 869 2120 945 2174; x_wconf 82' lang='lat' dir='ltr'><strong>ento</strong></span> <span class='ocrx_word' id='word_1_154' title='bbox 966 2112 1152 2196; x_wconf 86' lang='lat' dir='ltr'><strong>acciperent</strong></span> <span class='ocrx_word' id='word_1_155' title='bbox 1173 2134 1192 2174; x_wconf 84' lang='lat' dir='ltr'>a</span> <span class='ocrx_word' id='word_1_156' title='bbox 1215 2109 1334 2196; x_wconf 85' lang='lat' dir='ltr'><strong>populo</strong></span> 
     </span>
     <span class='ocr_line' id='line_1_19' title="bbox 191 2208 653 2297; baseline 0.002 -25"><span class='ocrx_word' id='word_1_157' title='bbox 191 2208 383 2276; x_wconf 85' lang='lat' dir='ltr'><strong>beneficium</strong></span> <span class='ocrx_word' id='word_1_158' title='bbox 406 2233 504 2297; x_wconf 83' lang='lat' dir='ltr'><strong>quum</strong></span> <span class='ocrx_word' id='word_1_159' title='bbox 527 2210 653 2276; x_wconf 83' lang='lat' dir='ltr'><strong>darent.</strong></span> 
     </span>
    </p>

    <p class='ocr_par' dir='ltr' id='par_1_4' title="bbox 173 2311 1336 3932">
     <span class='ocr_line' id='line_1_20' title="bbox 274 2311 1333 2398; baseline 0.001 -21"><span class='ocrx_word' id='word_1_160' title='bbox 274 2335 300 2377; x_wconf 90' lang='lat' dir='ltr'><strong>c.</strong></span> <span class='ocrx_word' id='word_1_161' title='bbox 337 2311 601 2398; x_wconf 85' lang='lat' dir='ltr'><strong>Weiterbildung</strong></span> <span class='ocrx_word' id='word_1_162' title='bbox 624 2313 688 2377; x_wconf 91' lang='lat' dir='ltr'><strong>und</strong></span> <span class='ocrx_word' id='word_1_163' title='bbox 704 2313 881 2398; x_wconf 84' lang='lat' dir='ltr'><strong>Neucrung</strong></span> <span class='ocrx_word' id='word_1_164' title='bbox 903 2314 946 2378; x_wconf 89' lang='lat' dir='ltr'><strong>ist</strong></span> <span class='ocrx_word' id='word_1_165' title='bbox 969 2315 1002 2378; x_wconf 91' lang='lat' dir='ltr'><strong>in</strong></span> <span class='ocrx_word' id='word_1_166' title='bbox 1031 2312 1204 2398; x_wconf 85' lang='lat' dir='ltr'><strong>folgenden</strong></span> <span class='ocrx_word' id='word_1_167' title='bbox 1226 2314 1333 2378; x_wconf 90' lang='lat' dir='ltr'><strong>Recti-</strong></span> 
     </span>
     <span class='ocr_line' id='line_1_21' title="bbox 197 2412 1333 2503; baseline 0.004 -27"><span class='ocrx_word' id='word_1_168' title='bbox 197 2433 275 2479; x_wconf 90' lang='lat' dir='ltr'><strong>onen</strong></span> <span class='ocrx_word' id='word_1_169' title='bbox 296 2436 338 2478; x_wconf 86' lang='lat' dir='ltr'><strong>zu</strong></span> <span class='ocrx_word' id='word_1_170' title='bbox 354 2412 528 2478; x_wconf 87' lang='lat' dir='ltr'><strong>erkenncn.</strong></span> <span class='ocrx_word' id='word_1_171' title='bbox 564 2414 636 2479; x_wconf 85' lang='lat' dir='ltr'><strong>Auf</strong></span> <span class='ocrx_word' id='word_1_172' title='bbox 649 2414 712 2478; x_wconf 90' lang='lat' dir='ltr'><strong>den</strong></span> <span class='ocrx_word' id='word_1_173' title='bbox 728 2415 906 2503; x_wconf 87' lang='lat' dir='ltr'><strong>Imperativ</strong></span> <span class='ocrx_word' id='word_1_174' title='bbox 923 2417 1033 2481; x_wconf 69' lang='lat' dir='ltr'><strong>(lubitu</strong></span> <span class='ocrx_word' id='word_1_175' title='bbox 1048 2414 1131 2500; x_wconf 84' lang='lat' dir='ltr'><strong>foigt</strong></span> <span class='ocrx_word' id='word_1_176' title='bbox 1146 2417 1241 2498; x_wconf 81' lang='lat' dir='ltr'><strong>quin:</strong></span> <span class='ocrx_word' id='word_1_177' title='bbox 1264 2417 1333 2482; x_wconf 89' lang='lat' dir='ltr'><strong>Att.</strong></span> 
     </span>
     <span class='ocr_line' id='line_1_22' title="bbox 199 2515 1332 2603; baseline 0.004 -28"><span class='ocrx_word' id='word_1_178' title='bbox 199 2515 245 2597; x_wconf 87' lang='lat'><strong>10,</strong></span> <span class='ocrx_word' id='word_1_179' title='bbox 268 2517 348 2594; x_wconf 88' lang='grc'><strong>10,5</strong></span> <span class='ocrx_word' id='word_1_180' title='bbox 371 2527 404 2580; x_wconf 90' lang='lat' dir='ltr'><strong>et</strong></span> <span class='ocrx_word' id='word_1_181' title='bbox 427 2515 552 2600; x_wconf 77' lang='lat' dir='ltr'><strong>dubita,</strong></span> <span class='ocrx_word' id='word_1_182' title='bbox 575 2516 603 2580; x_wconf 88' lang='lat' dir='ltr'><strong>si</strong></span> <span class='ocrx_word' id='word_1_183' title='bbox 626 2526 727 2603; x_wconf 89' lang='lat' dir='ltr'><strong>potes,</strong></span> <span class='ocrx_word' id='word_1_184' title='bbox 751 2518 830 2603; x_wconf 91' lang='lat' dir='ltr'><strong>quin</strong></span> <span class='ocrx_word' id='word_1_185' title='bbox 854 2516 985 2582; x_wconf 86' lang='lat' dir='ltr'><strong>caedem</strong></span> <span class='ocrx_word' id='word_1_186' title='bbox 1009 2517 1154 2582; x_wconf 85' lang='lat' dir='ltr'><strong>facturus</strong></span> <span class='ocrx_word' id='word_1_187' title='bbox 1178 2518 1221 2581; x_wconf 90' lang='lat' dir='ltr'><strong>sit</strong></span> <span class='ocrx_word' id='word_1_188' title='bbox 1245 2519 1279 2598; x_wconf 81' lang='lat' dir='ltr'><strong>(i.</strong></span> <span class='ocrx_word' id='word_1_189' title='bbox 1305 2539 1332 2580; x_wconf 90' lang='lat' dir='ltr'><strong>e.</strong></span> 
     </span>
     <span class='ocr_line' id='line_1_23' title="bbox 198 2612 1333 2707; baseline 0.006 -32"><span class='ocrx_word' id='word_1_190' title='bbox 198 2612 340 2682; x_wconf 76' lang='lat' dir='ltr'><strong>dubitare</strong></span> <span class='ocrx_word' id='word_1_191' title='bbox 367 2640 432 2683; x_wconf 92' lang='lat' dir='ltr'><strong>non</strong></span> <span class='ocrx_word' id='word_1_192' title='bbox 460 2621 577 2705; x_wconf 87' lang='lat' dir='ltr'><strong>potes).</strong></span> <span class='ocrx_word' id='word_1_193' title='bbox 622 2618 690 2681; x_wconf 89' lang='lat' dir='ltr'><strong>Der</strong></span> <span class='ocrx_word' id='word_1_194' title='bbox 713 2617 876 2702; x_wconf 83' lang='lat' dir='ltr'><strong>Analogie</strong></span> <span class='ocrx_word' id='word_1_195' title='bbox 904 2641 967 2683; x_wconf 92' lang='lat' dir='ltr'><strong>von</strong></span> <span class='ocrx_word' id='word_1_196' title='bbox 991 2619 1054 2682; x_wconf 89' lang='lat' dir='ltr'><strong>den</strong></span> <span class='ocrx_word' id='word_1_197' title='bbox 1077 2619 1195 2683; x_wconf 86' lang='lat' dir='ltr'><strong>Verbis</strong></span> <span class='ocrx_word' id='word_1_198' title='bbox 1226 2620 1333 2707; x_wconf 91' lang='lat' dir='ltr'><strong>prohi-</strong></span> 
     </span>
     <span class='ocr_line' id='line_1_24' title="bbox 197 2712 1332 2807; baseline 0.005 -30"><span class='ocrx_word' id='word_1_199' title='bbox 197 2712 323 2785; x_wconf 88' lang='lat' dir='ltr'><strong>hibendi</strong></span> <span class='ocrx_word' id='word_1_200' title='bbox 351 2718 435 2805; x_wconf 80' lang='lat' dir='ltr'><strong>folgt</strong></span> <span class='ocrx_word' id='word_1_201' title='bbox 462 2741 625 2785; x_wconf 77' lang='lat' dir='ltr'><strong>recusare:</strong></span> <span class='ocrx_word' id='word_1_202' title='bbox 653 2743 684 2806; x_wconf 89' lang='lat' dir='ltr'><strong>p.</strong></span> <span class='ocrx_word' id='word_1_203' title='bbox 709 2720 797 2783; x_wconf 78' lang='lat' dir='ltr'><strong>Cael.</strong></span> <span class='ocrx_word' id='word_1_204' title='bbox 825 2720 863 2782; x_wconf 80' lang='lat'><strong>12</strong></span> <span class='ocrx_word' id='word_1_205' title='bbox 886 2722 964 2805; x_wconf 92' lang='lat' dir='ltr'><strong>quin</strong></span> <span class='ocrx_word' id='word_1_206' title='bbox 987 2720 1176 2785; x_wconf 89' lang='lat' dir='ltr'><strong>criminibus</strong></span> <span class='ocrx_word' id='word_1_207' title='bbox 1200 2743 1332 2807; x_wconf 90' lang='lat' dir='ltr'><strong>respon-</strong></span> 
     </span>
     <span class='ocr_line' id='line_1_25' title="bbox 197 2813 1333 2908; baseline 0.007 -28"><span class='ocrx_word' id='word_1_208' title='bbox 197 2813 295 2905; x_wconf 84' lang='lat' dir='ltr'><strong>deam,</strong></span> <span class='ocrx_word' id='word_1_209' title='bbox 317 2845 383 2888; x_wconf 90' lang='lat' dir='ltr'><strong>non</strong></span> <span class='ocrx_word' id='word_1_210' title='bbox 406 2843 529 2886; x_wconf 88' lang='lat' dir='ltr'><strong>recuso.</strong></span> <span class='ocrx_word' id='word_1_211' title='bbox 564 2843 595 2906; x_wconf 92' lang='lat' dir='ltr'><strong>p.</strong></span> <span class='ocrx_word' id='word_1_212' title='bbox 620 2821 727 2886; x_wconf 90' lang='lat' dir='ltr'><strong>Deiot.</strong></span> <span class='ocrx_word' id='word_1_213' title='bbox 747 2823 785 2886; x_wconf 85' lang='lat'><strong>15</strong></span> <span class='ocrx_word' id='word_1_214' title='bbox 807 2844 871 2886; x_wconf 91' lang='lat' dir='ltr'><strong>non</strong></span> <span class='ocrx_word' id='word_1_215' title='bbox 894 2832 1022 2887; x_wconf 85' lang='lat' dir='ltr'><strong>recusat</strong></span> <span class='ocrx_word' id='word_1_216' title='bbox 1044 2845 1075 2908; x_wconf 88' lang='lat' dir='ltr'><strong>q.</strong></span> <span class='ocrx_word' id='word_1_217' title='bbox 1100 2822 1189 2886; x_wconf 80' lang='lat' dir='ltr'><strong>acad.</strong></span> <span class='ocrx_word' id='word_1_218' title='bbox 1213 2823 1243 2905; x_wconf 80' lang='lat'><strong>2,</strong></span> <span class='ocrx_word' id='word_1_219' title='bbox 1259 2824 1288 2900; x_wconf 88' lang='lat'><strong>3,</strong></span> <span class='ocrx_word' id='word_1_220' title='bbox 1306 2823 1333 2888; x_wconf 80' lang='lat'>7.</span> 
     </span>
     <span class='ocr_line' id='line_1_26' title="bbox 193 2913 1333 3011; baseline 0 -25"><span class='ocrx_word' id='word_1_221' title='bbox 193 2913 271 2988; x_wconf 72' lang='lat' dir='ltr'>fam.</span> <span class='ocrx_word' id='word_1_222' title='bbox 292 2925 328 3004; x_wconf 88' lang='lat'><strong>6,</strong></span> <span class='ocrx_word' id='word_1_223' title='bbox 354 2923 408 3000; x_wconf 87' lang='lat'><strong>18,</strong></span> <span class='ocrx_word' id='word_1_224' title='bbox 432 2923 461 2986; x_wconf 90' lang='grc'><strong>4.</strong></span> <span class='ocrx_word' id='word_1_225' title='bbox 499 2923 540 2986; x_wconf 87' lang='lat' dir='ltr'><strong>dc</strong></span> <span class='ocrx_word' id='word_1_226' title='bbox 563 2945 609 2989; x_wconf 92' lang='lat' dir='ltr'><strong>or.</strong></span> <span class='ocrx_word' id='word_1_227' title='bbox 632 2924 653 2986; x_wconf 75' lang='lat'>2</span> <span class='ocrx_word' id='word_1_228' title='bbox 676 2927 705 3004; x_wconf 64' lang='grc' dir='ltr'><strong>ξ.</strong></span> <span class='ocrx_word' id='word_1_229' title='bbox 729 2924 771 2987; x_wconf 82' lang='grc'><strong>66</strong></span> <span class='ocrx_word' id='word_1_230' title='bbox 793 2924 833 2988; x_wconf 92' lang='lat' dir='ltr'><strong>de</strong></span> <span class='ocrx_word' id='word_1_231' title='bbox 856 2926 988 2989; x_wconf 87' lang='lat' dir='ltr'><strong>musicis</strong></span> <span class='ocrx_word' id='word_1_232' title='bbox 1012 2948 1075 2988; x_wconf 92' lang='lat' dir='ltr'><strong>non</strong></span> <span class='ocrx_word' id='word_1_233' title='bbox 1097 2925 1231 3011; x_wconf 90' lang='lat' dir='ltr'><strong>poterit,</strong></span> <span class='ocrx_word' id='word_1_234' title='bbox 1255 2924 1333 3009; x_wconf 92' lang='lat' dir='ltr'><strong>quin</strong></span> 
     </span>
     <span class='ocr_line' id='line_1_27' title="bbox 191 3012 1332 3110; baseline 0.001 -24"><span class='ocrx_word' id='word_1_235' title='bbox 191 3012 290 3108; x_wconf 81' lang='lat' dir='ltr'><strong>dicat,</strong></span> <span class='ocrx_word' id='word_1_236' title='bbox 311 3026 373 3090; x_wconf 84' lang='lat' dir='ltr'><strong>hoc</strong></span> <span class='ocrx_word' id='word_1_237' title='bbox 395 3047 492 3089; x_wconf 90' lang='lat' dir='ltr'><strong>onere</strong></span> <span class='ocrx_word' id='word_1_238' title='bbox 515 3035 666 3110; x_wconf 88' lang='lat' dir='ltr'><strong>suscepto</strong></span> <span class='ocrx_word' id='word_1_239' title='bbox 691 3049 850 3090; x_wconf 81' lang='lat' dir='ltr'><strong>recusare.</strong></span> <span class='ocrx_word' id='word_1_240' title='bbox 886 3025 967 3089; x_wconf 92' lang='lat' dir='ltr'><strong>Phil.</strong></span> <span class='ocrx_word' id='word_1_241' title='bbox 991 3027 1040 3108; x_wconf 88' lang='lat'><strong>10,</strong></span> <span class='ocrx_word' id='word_1_242' title='bbox 1065 3029 1080 3089; x_wconf 90' lang='lat'><strong>1</strong></span> <span class='ocrx_word' id='word_1_243' title='bbox 1104 3047 1145 3089; x_wconf 87' lang='lat' dir='ltr'><strong>ne</strong></span> <span class='ocrx_word' id='word_1_244' title='bbox 1167 3026 1332 3088; x_wconf 82' lang='lat' dir='ltr'><strong>minimam</strong></span> 
     </span>
     <span class='ocr_line' id='line_1_28' title="bbox 186 3122 1334 3214; baseline 0.002 -28"><span class='ocrx_word' id='word_1_245' title='bbox 186 3122 320 3200; x_wconf 84' lang='lat' dir='ltr'><strong>quidem</strong></span> <span class='ocrx_word' id='word_1_246' title='bbox 348 3148 471 3192; x_wconf 83' lang='lat' dir='ltr'><strong>moram</strong></span> <span class='ocrx_word' id='word_1_247' title='bbox 501 3127 721 3213; x_wconf 86' lang='lat' dir='ltr'><strong>interposuisti</strong></span> <span class='ocrx_word' id='word_1_248' title='bbox 751 3152 782 3214; x_wconf 94' lang='lat' dir='ltr'><strong>q.</strong></span> <span class='ocrx_word' id='word_1_249' title='bbox 805 3129 997 3192; x_wconf 86' lang='lat' dir='ltr'><strong>frueremur.</strong></span> <span class='ocrx_word' id='word_1_250' title='bbox 1042 3127 1117 3190; x_wconf 89' lang='lat' dir='ltr'><strong>Wie</strong></span> <span class='ocrx_word' id='word_1_251' title='bbox 1142 3128 1262 3208; x_wconf 86' lang='lat' dir='ltr'><strong>facere,</strong></span> <span class='ocrx_word' id='word_1_252' title='bbox 1292 3129 1334 3190; x_wconf 89' lang='lat' dir='ltr'><strong>ist</strong></span> 
     </span>
     <span class='ocr_line' id='line_1_29' title="bbox 182 3219 1334 3315; baseline -0.005 -19"><span class='ocrx_word' id='word_1_253' title='bbox 182 3219 309 3301; x_wconf 63' lang='lat' dir='ltr'><strong>efficere</strong></span> <span class='ocrx_word' id='word_1_254' title='bbox 329 3230 522 3294; x_wconf 88' lang='lat' dir='ltr'><strong>construirt:</strong></span> <span class='ocrx_word' id='word_1_255' title='bbox 549 3229 630 3292; x_wconf 88' lang='lat' dir='ltr'><strong>Phil.</strong></span> <span class='ocrx_word' id='word_1_256' title='bbox 657 3229 713 3307; x_wconf 88' lang='lat'><strong>11,</strong></span> <span class='ocrx_word' id='word_1_257' title='bbox 739 3231 787 3311; x_wconf 88' lang='lat'><strong>14,</strong></span> <span class='ocrx_word' id='word_1_258' title='bbox 810 3230 851 3293; x_wconf 87' lang='lat'><strong>36</strong></span> <span class='ocrx_word' id='word_1_259' title='bbox 874 3242 910 3296; x_wconf 91' lang='lat' dir='ltr'><strong>ut</strong></span> <span class='ocrx_word' id='word_1_260' title='bbox 933 3229 1020 3294; x_wconf 81' lang='lat' dir='ltr'><strong>effici</strong></span> <span class='ocrx_word' id='word_1_261' title='bbox 1042 3251 1105 3293; x_wconf 91' lang='lat' dir='ltr'><strong>non</strong></span> <span class='ocrx_word' id='word_1_262' title='bbox 1130 3230 1233 3315; x_wconf 87' lang='lat' dir='ltr'><strong>possit</strong></span> <span class='ocrx_word' id='word_1_263' title='bbox 1257 3230 1334 3314; x_wconf 91' lang='lat' dir='ltr'><strong>quin</strong></span> 
     </span>
     <span class='ocr_line' id='line_1_30' title="bbox 180 3329 1335 3396; baseline 0.003 -6"><span class='ocrx_word' id='word_1_264' title='bbox 180 3337 245 3390; x_wconf 70' lang='grc' dir='ltr'><strong>θῦε</strong></span> <span class='ocrx_word' id='word_1_265' title='bbox 276 3371 313 3381; x_wconf 92' lang='lat'><em>-</em></span> <span class='ocrx_word' id='word_1_266' title='bbox 345 3331 479 3396; x_wconf 88' lang='lat' dir='ltr'><strong>oderim.</strong></span> <span class='ocrx_word' id='word_1_267' title='bbox 526 3331 595 3394; x_wconf 82' lang='lat' dir='ltr'><strong>Dus</strong></span> <span class='ocrx_word' id='word_1_268' title='bbox 624 3331 708 3394; x_wconf 90' lang='lat' dir='ltr'><strong>oben</strong></span> <span class='ocrx_word' id='word_1_269' title='bbox 738 3353 796 3393; x_wconf 83' lang='lat' dir='ltr'><strong>ens</strong></span> <span class='ocrx_word' id='word_1_270' title='bbox 825 3329 993 3394; x_wconf 85' lang='lat' dir='ltr'><strong>Gracchus</strong></span> <span class='ocrx_word' id='word_1_271' title='bbox 1024 3333 1131 3395; x_wconf 88' lang='lat' dir='ltr'><strong>citirte</strong></span> <span class='ocrx_word' id='word_1_272' title='bbox 1157 3352 1222 3394; x_wconf 80' lang='lat' dir='ltr'><strong>non</strong></span> <span class='ocrx_word' id='word_1_273' title='bbox 1250 3331 1335 3394; x_wconf 75' lang='lat' dir='ltr'><strong>abest</strong></span> 
     </span>
     <span class='ocr_line' id='line_1_31' title="bbox 179 3429 1332 3518; baseline -0.003 -20"><span class='ocrx_word' id='word_1_274' title='bbox 179 3429 273 3498; x_wconf 69' lang='lat' dir='ltr'><strong>euin</strong></span> <span class='ocrx_word' id='word_1_275' title='bbox 299 3433 459 3498; x_wconf 89' lang='lat' dir='ltr'><strong>erscbeint</strong></span> <span class='ocrx_word' id='word_1_276' title='bbox 485 3455 553 3496; x_wconf 91' lang='lat' dir='ltr'><strong>nun</strong></span> <span class='ocrx_word' id='word_1_277' title='bbox 577 3431 676 3496; x_wconf 75' lang='lat' dir='ltr'><strong>diter:</strong></span> <span class='ocrx_word' id='word_1_278' title='bbox 707 3435 777 3504; x_wconf 78' lang='lat' dir='ltr'><strong>Art.</strong></span> <span class='ocrx_word' id='word_1_279' title='bbox 801 3432 837 3511; x_wconf 89' lang='lat'><strong>9,</strong></span> <span class='ocrx_word' id='word_1_280' title='bbox 862 3433 897 3514; x_wconf 87' lang='grc'><strong>9,</strong></span> <span class='ocrx_word' id='word_1_281' title='bbox 922 3433 941 3497; x_wconf 89' lang='grc'><strong>3</strong></span> <span class='ocrx_word' id='word_1_282' title='bbox 968 3431 1075 3496; x_wconf 86' lang='lat' dir='ltr'><strong>aberit</strong></span> <span class='ocrx_word' id='word_1_283' title='bbox 1097 3453 1161 3495; x_wconf 91' lang='lat' dir='ltr'><strong>non</strong></span> <span class='ocrx_word' id='word_1_284' title='bbox 1184 3431 1279 3515; x_wconf 84' lang='lat' dir='ltr'><strong>longe</strong></span> <span class='ocrx_word' id='word_1_285' title='bbox 1302 3455 1332 3518; x_wconf 93' lang='lat' dir='ltr'><strong>q.</strong></span> 
     </span>
     <span class='ocr_line' id='line_1_32' title="bbox 176 3513 1333 3619; baseline 0 -23"><span class='ocrx_word' id='word_1_286' title='bbox 176 3513 253 3591; x_wconf 76' lang='lat' dir='ltr'><strong>hoe</strong></span> <span class='ocrx_word' id='word_1_287' title='bbox 276 3555 294 3596; x_wconf 79' lang='lat' dir='ltr'>a</span> <span class='ocrx_word' id='word_1_288' title='bbox 314 3557 365 3598; x_wconf 89' lang='lat' dir='ltr'><strong>me</strong></span> <span class='ocrx_word' id='word_1_289' title='bbox 388 3533 519 3599; x_wconf 89' lang='lat' dir='ltr'><strong>decerni</strong></span> <span class='ocrx_word' id='word_1_290' title='bbox 543 3533 632 3599; x_wconf 86' lang='lat' dir='ltr'><strong>velit.</strong></span> <span class='ocrx_word' id='word_1_291' title='bbox 670 3538 716 3614; x_wconf 90' lang='lat' dir='ltr'><strong>ll,</strong></span> <span class='ocrx_word' id='word_1_292' title='bbox 736 3535 785 3614; x_wconf 87' lang='grc'><strong>15,</strong></span> <span class='ocrx_word' id='word_1_293' title='bbox 809 3535 829 3597; x_wconf 90' lang='grc'>3</span> <span class='ocrx_word' id='word_1_294' title='bbox 852 3555 983 3619; x_wconf 86' lang='lat' dir='ltr'><strong>prorsus</strong></span> <span class='ocrx_word' id='word_1_295' title='bbox 1006 3533 1088 3597; x_wconf 91' lang='lat' dir='ltr'><strong>nihil</strong></span> <span class='ocrx_word' id='word_1_296' title='bbox 1109 3534 1204 3597; x_wconf 86' lang='lat' dir='ltr'><strong>abest</strong></span> <span class='ocrx_word' id='word_1_297' title='bbox 1226 3555 1256 3618; x_wconf 92' lang='lat' dir='ltr'><strong>q.</strong></span> <span class='ocrx_word' id='word_1_298' title='bbox 1273 3534 1333 3596; x_wconf 88' lang='lat' dir='ltr'><strong>sim</strong></span> 
     </span>
     <span class='ocr_line' id='line_1_33' title="bbox 176 3625 1334 3722; baseline 0.003 -28"><span class='ocrx_word' id='word_1_299' title='bbox 176 3625 401 3702; x_wconf 79' lang='lat' dir='ltr'><strong>miserrimus.</strong></span> <span class='ocrx_word' id='word_1_300' title='bbox 437 3636 665 3722; x_wconf 78' lang='lat' dir='ltr'><strong>sam.5‚12‚2</strong></span> <span class='ocrx_word' id='word_1_301' title='bbox 688 3638 787 3702; x_wconf 75' lang='lat' dir='ltr'><strong>deesse</strong></span> <span class='ocrx_word' id='word_1_302' title='bbox 809 3635 889 3699; x_wconf 92' lang='lat' dir='ltr'><strong>mihi</strong></span> <span class='ocrx_word' id='word_1_303' title='bbox 910 3635 998 3699; x_wconf 91' lang='lat' dir='ltr'><strong>nolui</strong></span> <span class='ocrx_word' id='word_1_304' title='bbox 1021 3657 1052 3721; x_wconf 90' lang='lat' dir='ltr'>q.</span> <span class='ocrx_word' id='word_1_305' title='bbox 1074 3646 1106 3700; x_wconf 91' lang='lat' dir='ltr'><strong>te</strong></span> <span class='ocrx_word' id='word_1_306' title='bbox 1129 3634 1334 3699; x_wconf 83' lang='lat' dir='ltr'><strong>admonerem</strong></span> 
     </span>
     <span class='ocr_line' id='line_1_34' title="bbox 175 3717 1336 3831; baseline 0 -30"><span class='ocrx_word' id='word_1_307' title='bbox 175 3717 292 3831; x_wconf 65' lang='lat' dir='ltr'><strong>(3,in</strong></span> <span class='ocrx_word' id='word_1_308' title='bbox 320 3735 427 3800; x_wconf 86' lang='lat' dir='ltr'><strong>wolltc</strong></span> <span class='ocrx_word' id='word_1_309' title='bbox 455 3759 489 3802; x_wconf 87' lang='lat' dir='ltr'><strong>es</strong></span> <span class='ocrx_word' id='word_1_310' title='bbox 517 3739 580 3801; x_wconf 92' lang='lat' dir='ltr'><strong>mir</strong></span> <span class='ocrx_word' id='word_1_311' title='bbox 607 3739 698 3803; x_wconf 88' lang='lat' dir='ltr'><strong>nicht</strong></span> <span class='ocrx_word' id='word_1_312' title='bbox 725 3737 937 3823; x_wconf 81' lang='lat' dir='ltr'><strong>versugen“).</strong></span> <span class='ocrx_word' id='word_1_313' title='bbox 983 3760 1015 3823; x_wconf 93' lang='lat' dir='ltr'><strong>p.</strong></span> <span class='ocrx_word' id='word_1_314' title='bbox 1044 3737 1163 3802; x_wconf 79' lang='lat' dir='ltr'><strong>Flacco</strong></span> <span class='ocrx_word' id='word_1_315' title='bbox 1191 3737 1231 3800; x_wconf 82' lang='lat'><strong>27</strong></span> <span class='ocrx_word' id='word_1_316' title='bbox 1264 3738 1336 3819; x_wconf 80' lang='lat' dir='ltr'><strong>quis</strong></span> 
     </span>
     <span class='ocr_line' id='line_1_35' title="bbox 173 3839 1334 3932; baseline 0.003 -34"><span class='ocrx_word' id='word_1_317' title='bbox 173 3839 323 3932; x_wconf 59' lang='lat' dir='ltr'><strong>{suoru</strong></span> <span class='ocrx_word' id='word_1_318' title='bbox 347 3839 399 3916; x_wconf 59' lang='grc' dir='ltr'><strong>(π</strong></span> <span class='ocrx_word' id='word_1_319' title='bbox 421 3840 491 3924; x_wconf 90' lang='lat' dir='ltr'><strong>quis</strong></span> <span class='ocrx_word' id='word_1_320' title='bbox 514 3839 658 3926; x_wconf 86' lang='lat' dir='ltr'><strong>dubitat)</strong></span> <span class='ocrx_word' id='word_1_321' title='bbox 687 3843 742 3925; x_wconf 90' lang='lat' dir='ltr'><strong>qui</strong></span> <span class='ocrx_word' id='word_1_322' title='bbox 765 3839 860 3905; x_wconf 92' lang='lat' dir='ltr'><strong>modo</strong></span> <span class='ocrx_word' id='word_1_323' title='bbox 885 3861 1026 3925; x_wconf 83' lang='lat' dir='ltr'><strong>uuquam</strong></span> <span class='ocrx_word' id='word_1_324' title='bbox 1053 3839 1261 3903; x_wconf 87' lang='lat' dir='ltr'><strong>mediocriter</strong></span> <span class='ocrx_word' id='word_1_325' title='bbox 1283 3860 1334 3901; x_wconf 89' lang='lat' dir='ltr'><strong>res</strong></span> 
     </span>
    </p>

    <p class='ocr_par' dir='ltr' id='par_1_5' title="bbox 152 3936 1393 4552">
     <span class='ocr_line' id='line_1_36' title="bbox 171 3936 1393 4028; baseline 0.003 -31"><span class='ocrx_word' id='word_1_326' title='bbox 171 3936 278 3998; x_wconf 63' lang='lat' dir='ltr'><strong>mas</strong></span> <span class='ocrx_word' id='word_1_327' title='bbox 304 3937 389 3999; x_wconf 86' lang='lat' dir='ltr'><strong>scire</strong></span> <span class='ocrx_word' id='word_1_328' title='bbox 410 3943 548 4024; x_wconf 80' lang='lat' dir='ltr'><strong>curavit,</strong></span> <span class='ocrx_word' id='word_1_329' title='bbox 576 3943 655 4028; x_wconf 91' lang='lat' dir='ltr'><strong>quin</strong></span> <span class='ocrx_word' id='word_1_330' title='bbox 683 3942 747 4005; x_wconf 85' lang='lat' dir='ltr'><strong>trie</strong></span> <span class='ocrx_word' id='word_1_331' title='bbox 769 3942 968 4007; x_wconf 83' lang='lat' dir='ltr'><strong>Graecorum</strong></span> <span class='ocrx_word' id='word_1_332' title='bbox 995 3962 1117 4025; x_wconf 83' lang='lat' dir='ltr'><strong>genera</strong></span> <span class='ocrx_word' id='word_1_333' title='bbox 1144 3941 1211 4004; x_wconf 89' lang='lat' dir='ltr'><strong>sint</strong></span> <span class='ocrx_word' id='word_1_334' title='bbox 1234 3937 1335 4003; x_wconf 84' lang='lat' dir='ltr'><strong>vere?</strong></span> <span class='ocrx_word' id='word_1_335' title='bbox 1392 3982 1393 3985; x_wconf 19' lang='grc' dir='ltr'><strong>κ</strong></span> 
     </span>
     <span class='ocr_line' id='line_1_37' title="bbox 171 4033 1334 4129; baseline -0.002 -23"><span class='ocrx_word' id='word_1_336' title='bbox 171 4039 211 4106; x_wconf 87' lang='lat' dir='ltr'><strong>P·</strong></span> <span class='ocrx_word' id='word_1_337' title='bbox 247 4033 359 4099; x_wconf 71' lang='lat' dir='ltr'><strong>Oseo.</strong></span> <span class='ocrx_word' id='word_1_338' title='bbox 377 4038 411 4100; x_wconf 91' lang='lat'><strong>11</strong></span> <span class='ocrx_word' id='word_1_339' title='bbox 433 4045 640 4109; x_wconf 51' lang='lat' dir='ltr'><strong>controuersia&gt;</strong></span> <span class='ocrx_word' id='word_1_340' title='bbox 663 4064 725 4106; x_wconf 90' lang='lat' dir='ltr'><strong>non</strong></span> <span class='ocrx_word' id='word_1_341' title='bbox 750 4053 818 4108; x_wconf 84' lang='lat' dir='ltr'><strong>erut</strong></span> <span class='ocrx_word' id='word_1_342' title='bbox 840 4069 869 4129; x_wconf 93' lang='lat' dir='ltr'>q.</span> <span class='ocrx_word' id='word_1_343' title='bbox 895 4065 1007 4107; x_wconf 86' lang='lat' dir='ltr'><strong>verum</strong></span> <span class='ocrx_word' id='word_1_344' title='bbox 1031 4041 1186 4106; x_wconf 88' lang='lat' dir='ltr'><strong>dicerent.</strong></span> <span class='ocrx_word' id='word_1_345' title='bbox 1225 4040 1334 4105; x_wconf 84' lang='lat' dir='ltr'><strong>Achn-</strong></span> 
     </span>
     <span class='ocr_line' id='line_1_38' title="bbox 168 4116 1335 4229; baseline 0.009 -35"><span class='ocrx_word' id='word_1_346' title='bbox 168 4116 257 4194; x_wconf 74' lang='lat' dir='ltr'><strong>ll&#39;eh</strong></span> <span class='ocrx_word' id='word_1_347' title='bbox 288 4135 348 4199; x_wconf 88' lang='lat' dir='ltr'><strong>ist:</strong></span> <span class='ocrx_word' id='word_1_348' title='bbox 378 4151 454 4203; x_wconf 84' lang='lat' dir='ltr'><strong>orat.</strong></span> <span class='ocrx_word' id='word_1_349' title='bbox 477 4155 560 4228; x_wconf 83' lang='lat' dir='ltr'><strong>part.</strong></span> <span class='ocrx_word' id='word_1_350' title='bbox 587 4144 641 4228; x_wconf 90' lang='lat'><strong>14,</strong></span> <span class='ocrx_word' id='word_1_351' title='bbox 668 4145 707 4208; x_wconf 83' lang='lat'><strong>51</strong></span> <span class='ocrx_word' id='word_1_352' title='bbox 736 4167 840 4229; x_wconf 91' lang='lat' dir='ltr'><strong>nequo</strong></span> <span class='ocrx_word' id='word_1_353' title='bbox 870 4156 919 4210; x_wconf 88' lang='lat' dir='ltr'><strong>est</strong></span> <span class='ocrx_word' id='word_1_354' title='bbox 947 4145 1111 4210; x_wconf 80' lang='lat' dir='ltr'><strong>obscurum</strong></span> <span class='ocrx_word' id='word_1_355' title='bbox 1138 4166 1169 4229; x_wconf 95' lang='lat' dir='ltr'>q.</span> <span class='ocrx_word' id='word_1_356' title='bbox 1197 4144 1231 4206; x_wconf 91' lang='lat' dir='ltr'><strong>in</strong></span> <span class='ocrx_word' id='word_1_357' title='bbox 1259 4163 1335 4207; x_wconf 92' lang='lat' dir='ltr'><strong>con-</strong></span> 
     </span>
     <span class='ocr_line' id='line_1_39' title="bbox 164 4225 1334 4311; baseline 0.013 -20"><span class='ocrx_word' id='word_1_358' title='bbox 164 4225 304 4296; x_wconf 75' lang='lat' dir='ltr'><strong>trariis</strong></span> <span class='ocrx_word' id='word_1_359' title='bbox 327 4243 486 4307; x_wconf 83' lang='lat' dir='ltr'><strong>contraria</strong></span> <span class='ocrx_word' id='word_1_360' title='bbox 507 4249 571 4310; x_wconf 87' lang='lat' dir='ltr'><strong>sint</strong></span> <span class='ocrx_word' id='word_1_361' title='bbox 593 4244 761 4310; x_wconf 82' lang='lat' dir='ltr'><strong>sumenda.</strong></span> <span class='ocrx_word' id='word_1_362' title='bbox 796 4245 904 4311; x_wconf 78' lang='lat' dir='ltr'><strong>Seibst</strong></span> <span class='ocrx_word' id='word_1_363' title='bbox 924 4246 1008 4309; x_wconf 85' lang='lat' dir='ltr'><strong>nach</strong></span> <span class='ocrx_word' id='word_1_364' title='bbox 1024 4247 1129 4309; x_wconf 90' lang='lat' dir='ltr'><strong>einem</strong></span> <span class='ocrx_word' id='word_1_365' title='bbox 1144 4245 1334 4309; x_wconf 89' lang='lat' dir='ltr'><strong>verneinten</strong></span> 
     </span>
     <span class='ocr_line' id='line_1_40' title="bbox 159 4321 1334 4436; baseline 0.009 -39"><span class='ocrx_word' id='word_1_366' title='bbox 159 4321 295 4395; x_wconf 57' lang='lat' dir='ltr'><strong>dicere</strong></span> <span class='ocrx_word' id='word_1_367' title='bbox 323 4331 448 4406; x_wconf 85' lang='lat' dir='ltr'><strong>kommt</strong></span> <span class='ocrx_word' id='word_1_368' title='bbox 477 4349 555 4427; x_wconf 79' lang='lat' dir='ltr'><strong>quin</strong></span> <span class='ocrx_word' id='word_1_369' title='bbox 582 4370 656 4414; x_wconf 86' lang='lat' dir='ltr'><strong>vor:</strong></span> <span class='ocrx_word' id='word_1_370' title='bbox 685 4347 781 4411; x_wconf 86' lang='lat' dir='ltr'><strong>Tusc.</strong></span> <span class='ocrx_word' id='word_1_371' title='bbox 804 4348 841 4429; x_wconf 91' lang='grc'><strong>5,</strong></span> <span class='ocrx_word' id='word_1_372' title='bbox 865 4350 883 4411; x_wconf 83' lang='lat'><strong>7</strong></span> <span class='ocrx_word' id='word_1_373' title='bbox 907 4351 996 4436; x_wconf 82' lang='lat' dir='ltr'><strong>atqui</strong></span> <span class='ocrx_word' id='word_1_374' title='bbox 1024 4349 1159 4414; x_wconf 78' lang='lat' dir='ltr'><strong>atterum</strong></span> <span class='ocrx_word' id='word_1_375' title='bbox 1182 4347 1247 4411; x_wconf 89' lang='lat' dir='ltr'><strong>dici</strong></span> <span class='ocrx_word' id='word_1_376' title='bbox 1269 4368 1334 4411; x_wconf 93' lang='lat' dir='ltr'><strong>non</strong></span> 
     </span>
     <span class='ocr_line' id='line_1_41' title="bbox 152 4436 1333 4552; baseline -0.004 -37"><span class='ocrx_word' id='word_1_377' title='bbox 152 4436 300 4552; x_wconf 57' lang='lat' dir='ltr'><strong>posen</strong></span> <span class='ocrx_word' id='word_1_378' title='bbox 320 4437 400 4518; x_wconf 77' lang='lat' dir='ltr'><strong>qun</strong></span> <span class='ocrx_word' id='word_1_379' title='bbox 420 4442 443 4507; x_wconf 87' lang='lat' dir='ltr'><strong>ii</strong></span> <span class='ocrx_word' id='word_1_380' title='bbox 469 4481 509 4495; x_wconf 86' lang='lat'><em>-</em></span> <span class='ocrx_word' id='word_1_381' title='bbox 533 4448 620 4514; x_wconf 70' lang='lat' dir='ltr'><strong>bean</strong></span> <span class='ocrx_word' id='word_1_382' title='bbox 642 4450 718 4514; x_wconf 73' lang='lat' dir='ltr'><strong>ont.</strong></span> <span class='ocrx_word' id='word_1_383' title='bbox 764 4449 846 4514; x_wconf 78' lang='lat' dir='ltr'><strong>run.</strong></span> <span class='ocrx_word' id='word_1_384' title='bbox 870 4452 903 4529; x_wconf 86' lang='lat'><strong>3,</strong></span> <span class='ocrx_word' id='word_1_385' title='bbox 928 4451 965 4531; x_wconf 81' lang='lat' dir='ltr'><strong>s,</strong></span> <span class='ocrx_word' id='word_1_386' title='bbox 990 4452 1029 4514; x_wconf 77' lang='lat' dir='ltr'><strong>‘n</strong></span> <span class='ocrx_word' id='word_1_387' title='bbox 1057 4450 1135 4532; x_wconf 71' lang='lat' dir='ltr'><strong>qun</strong></span> <span class='ocrx_word' id='word_1_388' title='bbox 1155 4459 1264 4536; x_wconf 82' lang='lat' dir='ltr'><strong>potest</strong></span> <span class='ocrx_word' id='word_1_389' title='bbox 1286 4446 1333 4512; x_wconf 80' lang='lat' dir='ltr'><strong>n-</strong></span> 
     </span>
    </p>
   </div>
   <div class='ocr_carea' id='block_1_3' title="bbox 0 0 1469 4994">
    <p class='ocr_par' dir='ltr' id='par_1_6' title="bbox 0 0 1469 4994">
     <span class='ocr_line' id='line_1_42' title="bbox 0 0 1469 4994; baseline 0 0"><span class='ocrx_word' id='word_1_390' title='bbox 0 0 1469 4994; x_wconf 95' lang='lat' dir='ltr'><strong> </strong></span> 
     </span>
    </p>
   </div>
  </div>
 </body>
</html>
