2948 4988
12 4328 49 4566 1

585 302 813 366 -211-

137 465 182 534 die
209 471 443 536 Construction
475 493 536 536 nur
569 473 652 538 noch
682 471 734 538 bei
763 471 870 536 Laot.
896 472 946 536 ira
975 471 1039 536 Dei
1064 472 1112 554 10,
1135 472 1178 535 44
1210 493 1270 536 neo

142 573 216 636 enim
238 597 268 637 v.
293 595 318 638 s.
342 581 389 638 ut.
680 647 685 659 ¹
1072 566 1075 573 ’

216 674 332 740 Veram
360 674 413 740 bei
440 674 594 761 Plautus,
626 699 651 742 s.
676 676 761 742 oben
790 675 966 741 verisimile.
1012 673 1093 740 Cio.
1118 675 1218 739 Tuso.
1241 697 1266 743 e.

136 769 210 839 oben
230 781 356 841 reatum.
400 776 501 842 Dann
523 778 621 843 noch:
645 777 736 843 Lael.
763 778 812 862 14,
834 777 877 842 50
899 776 1099 842 concedetur
1121 777 1268 862 profecto

134 896 238 941 verum
261 899 334 943 esse
356 886 392 943 ut
420 879 523 944 bonos
548 881 626 946 boni
654 880 805 966 diligant.
856 878 969 942 Daran
996 877 1175 943 sehliessen
1197 878 1266 943 sich

127 980 207 1043 zuei
233 978 358 1044 Stellen
385 981 445 1045 mit
478 980 780 1065 perednliehom
808 979 1009 1067 Hauptsatz:
1046 979 1136 1044 Lael.
1164 979 1196 1061 4,
1228 981 1268 1042 14

119 1076 177 1143 sin
205 1091 313 1145 autem
341 1080 399 1146 illa
426 1084 557 1148 veriora
587 1093 624 1148 ut
655 1084 741 1148 idem
770 1084 922 1147 interitus
951 1083 994 1147 sit
1027 1081 1208 1146 animorum
1236 1090 1269 1144 et

110 1197 306 1268 corporum.
343 1183 393 1263 16,
414 1185 455 1249 57
478 1206 538 1249 neo
560 1187 645 1250 enim
668 1184 725 1250 illa
746 1186 852 1272 prima
878 1182 961 1270 (soil.
986 1181 1158 1268 sententia)
1187 1203 1268 1246 vera

101 1290 172 1344 est
198 1295 294 1349 ut-
318 1286 366 1350 sio
388 1286 422 1350 in
443 1288 583 1352 amicum
604 1287 648 1352 sit
677 1287 851 1351 animatus.
883 1323 919 1333 -
950 1286 1044 1371 Nep.
1067 1283 1118 1365 23,
1144 1285 1171 1365 1,
1197 1285 1212 1347 1
1237 1283 1266 1347 ei

97 1396 239 1449 verum
262 1395 375 1450 est-
398 1396 444 1453 ut.

211 1491 240 1569 ξ.
263 1487 338 1553 405.
383 1488 469 1555 Statt
502 1490 559 1555 des
592 1487 760 1556 neutralen
794 1489 967 1577 Adjectivs
997 1487 1083 1552 steht
1109 1484 1266 1551 zuweilen

84 1578 153 1644 ¹'1n
197 1587 401 1676 Hauptsatze
423 1591 475 1655 ein
498 1591 740 1658 Substantiv
762 1591 828 1656 und
852 1590 909 1654 der
931 1589 1118 1654 Nebensatz
1141 1586 1266 1651 enthalt

75 1675 192 1751 den
213 1689 322 1755 Inhalt
344 1691 476 1774 dessen,
506 1715 573 1757 was
601 1693 685 1758 naeh
713 1693 772 1757 der
793 1691 932 1777 Angabe
961 1691 1017 1756 des
1046 1691 1266 1776 Hauptsatzes
1366 1742 1371 1755 .

71 1776 225 1873 solgt‚
248 1794 438 1859 beversteht
459 1793 539 1861 oder
561 1798 713 1860 erwartet
735 1794 801 1858 und
824 1793 1045 1878 beabsichtigt
1068 1793 1159 1875 wird,
1182 1791 1265 1855 ohne
1341 1835 1344 1840 -

68 1877 203 1956 dass
224 1893 322 1960 dabei
345 1896 398 1960 ein
413 1894 526 1962 finales
549 1896 628 1961 oder
650 1897 876 1961 consecutives
893 1891 1170 1961 Satzverhdltniss
1194 1915 1264 1957 ver·

65 1975 258 2060 handen
279 1997 333 2061 ist.
377 1996 516 2063 Manehe
537 1996 701 2083 derartige
724 1996 927 2083 Hauptsdtze
956 1995 1030 2060 sind
1053 1994 1156 2060 echon
1179 1997 1264 2060 oben
1381 2063 1387 2069 ,

65 2074 343 2183 be&aproeiienz
366 2119 443 2181 opus
459 2099 525 2164 und
548 2120 624 2165 umes
645 2106 689 2165 est
709 2101 743 2164 in
765 2102 793 2181 ξ.
809 2099 873 2164 402
895 2099 953 2163 Nr.
971 2098 1024 2180 10,
1047 2098 1124 2162 dore
1138 2117 1265 2179 operam

61 2180 120 2255 §-
166 2201 251 2282 401,
272 2221 342 2283 opes
361 2206 406 2266 eet
427 2205 456 2282 ξ.
479 2201 559 2280 398,
587 2200 641 2265 die
663 2200 808 2266 Phrasen
835 2203 896 2265 mit
917 2201 1060 2281 animus,
1089 2219 1175 2262 aneas
1196 2195 1263 2261 und

60 2298 292 2366 consitium
313 2305 341 2383 ξ.
364 2302 443 2383 392,
465 2304 525 2367 mit
547 2304 772 2368 ioeiuromlum
794 2301 861 2366 und
887 2305 1120 2367 sacromentum
1142 2302 1171 2380 ξ.
1196 2299 1262 2363 391

63 2390 179 2460 ¹¹¹st
207 2407 315 2468 ouotor
336 2406 367 2484 ξ.
391 2402 463 2469 395.
512 2405 712 2470 Ausserdem
739 2405 782 2468 ist
810 2403 992 2487 Folgendes
1021 2425 1063 2466 zu
1091 2402 1264 2466 erwtihnen

64 2499 195 2566 und
216 2525 305 2570 zwar
327 2506 488 2571 anudehst

210 2606 243 2690 a)
263 2627 322 2670 aua
352 2605 680 2672 vorklassiseher
706 2606 796 2672 Zeit:
833 2606 888 2672 Pl.
916 2606 1000 2674 Rud.
1031 2608 1060 2686 1,
1083 2605 1115 2688 4,
1140 2606 1156 2667 1
1185 2602 1264 2688 quid

60 2699 230 2806 {uagis
257 2709 294 2773 in
323 2729 389 2772 rem
417 2712 462 2773 est
482 2730 580 2793 quam
606 2730 741 2796 corpore
768 2710 870 2773 vitam
897 2717 933 2772 ut
956 2704 1144 2772 secludam‘?
1188 2704 1263 2769 Aul.

62 2781 128 2894 Ξ,
174 2809 212 2890 l,
233 2809 275 2873 34
296 2811 331 2873 in
353 2832 423 2874 rem
445 2810 505 2876 hoo
528 2820 657 2876 tuamet.
695 2812 738 2878 M.
762 2811 808 2877 Ut
829 2811 962 2897 quidem
985 2809 1131 2873 emoriar.
1167 2806 1263 2892 Capt.

57 2892 185 2966 ⁰80
203 2914 246 2975 est
265 2913 453 2976 miserorum
468 2921 504 2977 ut
518 2911 749 2978 malevolentes
767 2913 833 2976 sint
855 2920 952 2998 atque
975 2908 1145 2974 invideant
1160 2908 1265 2972 bonis.

67 2985 224 3074 (Brix
239 3010 380 3077 erkldrt:
405 3035 439 3076 es
462 3013 506 3077 ist
528 3012 581 3077 die
597 3013 751 3078 Tendens
775 3013 834 3077 der
849 3011 1136 3097 Ungliieklichen.)
1165 3010 1262 3074 Most.

62 3082 142 3158 27
184 3110 303 3179 lioeine
325 3113 402 3177 boni
425 3134 487 3179 esse
501 3116 640 3198 osticium
662 3116 749 3179 servi
773 3116 968 3195 existumas,
992 3113 1097 3177 uteri
1121 3113 1171 3175 sui
1195 3133 1263 3174 eor·

65 3203 254 3301 rurltpat
275 3227 308 3281 et
330 3237 398 3280 rem
422 3226 453 3280 et
482 3214 607 3280 lilium?
651 3215 856 3280 Pseudolo
890 3213 954 3278 fuit
982 3236 1087 3277 meum
1120 3213 1263 3276 officium

66 3302 136 3358 ¹¹2
187 3316 340 3381 facerem.
385 3317 473 3381 Ter.
505 3318 605 3382 Andr.
642 3321 671 3400 1,
701 3319 811 3400 1,141
842 3338 928 3380 nuno
955 3324 1079 3378 tuomst
1107 3315 1263 3395 officium,

113 3419 180 3473 ²²⁸
210 3417 289 3483 bene.
312 3428 348 3484 ut
369 3417 546 3483 adsimules
570 3421 713 3507 nuptias.
758 3419 811 3483 Pl.
835 3417 901 3481 mil.
927 3417 967 3480 12
997 3416 1125 3480 videtur
1146 3421 1264 3498 temlmo

69 3508 187 3575 ⁰⁸⁸1?
219 3531 253 3584 ut
281 3543 393 3586 eamus
421 3520 462 3583 ad
492 3520 609 3585 forum.
660 3520 738 3584 1101
768 3521 920 3604 dicasque
948 3528 1075 3602 tempus
1109 3539 1261 3581 maxume

72 3607 201 3681 ⁰⁸89
220 3632 254 3687 ut
276 3631 330 3687 eat
352 3621 493 3686 domum.
531 3620 676 3707 Epido,
694 3624 724 3702 1,
744 3622 785 3686 38
807 3642 871 3685 non
894 3620 989 3684 habeo
1011 3617 1110 3682 ullam
1133 3620 1262 3684 occasio-

72 3705 707 3810 ’‘en1(„veran1assung“)utapud
729 3731 761 3786 16
783 3721 868 3786 falsa
891 3719 1027 3784 fabuler.
1066 3719 1263 3784 1166611422

74 3804 211 3899 nego
239 3826 299 3891 tibi
326 3825 387 3890 hoo
415 3863 457 3872 -
489 3826 592 3889 fuisse
620 3825 727 3906 copiae
760 3821 1047 3907 („Gelegenheit“)
1080 3822 1196 3907 pedem
1228 3833 1264 3887 ut

82 3902 255 3992 effi³rree
270 3926 419 3995 aedibus.
456 3927 539 3991 Ter.
563 3925 648 3990 Eun.
664 3926 693 4006 3,
709 3926 741 4008 3,
757 3925 777 3988 0
800 3945 944 4006 ootesom,
967 3933 1003 3987 ut
1025 3923 1071 3987 ibi
1087 3944 1261 4005 manerem,

87 4009 276 4119 Peperit.
324 4029 405 4093 Hee.
427 4031 455 4111 l,
471 4029 501 4108 2,
519 4028 561 4092 30
582 4049 698 4113 nempe
721 4048 758 4090 ea
781 4047 878 4090 eausa
894 4034 930 4088 ut
951 4046 992 4088 ne
1007 4023 1042 4087 id
1064 4023 1121 4087 fiat
1143 4023 1261 4108 palam.

93 4098 139 4180 ἐν
173 4123 212 4206 2,
236 4133 249 4193 l
273 4131 341 4195 seio
357 4168 392 4178 -
411 4151 519 4194 meum
535 4130 586 4194 ius
607 4149 669 4194 osse
691 4138 727 4191 ut
748 4138 781 4192 16
804 4149 918 4212 cogam
934 4147 1016 4212 qnae
1033 4147 1092 4208 ego
1107 4126 1263 4209 imperem

100 4194 244 4296 facese.
276 4233 308 4315 4,
328 4233 359 4313 2,
387 4230 425 4296 19
447 4231 525 4295 haee
548 4229 629 4294 mihi
650 4251 737 4293 nunc
758 4233 865 4294 eurost
888 4248 1039 4291 maxuma
1065 4234 1164 4289 utne
1187 4225 1261 4308 quoi

111 4317 205 4394 ¹⁸0³
222 4331 440 4420 longinquitas
463 4332 580 4397 aetatis
603 4332 720 4396 obstet.

215 4433 249 4517 b)
271 4437 340 4500 Aua
368 4436 428 4500 der
456 4433 718 4498 klassisohen
745 4432 810 4497 und
840 4439 1032 4517 spateren
1063 4428 1150 4494 Zeit:
1184 4425 1262 4491 Oia
