<?xml version="1.0" encoding="UTF-8"?>
<!DOCTYPE html PUBLIC "-//W3C//DTD XHTML 1.0 Transitional//EN"
    "http://www.w3.org/TR/xhtml1/DTD/xhtml1-transitional.dtd">
<html xmlns="http://www.w3.org/1999/xhtml" xml:lang="en" lang="en">
 <head>
  <title>
</title>
<meta http-equiv="Content-Type" content="text/html;charset=utf-8" />
  <meta name='ocr-system' content='tesseract 3.04.00' />
  <meta name='ocr-capabilities' content='ocr_page ocr_carea ocr_par ocr_line ocrx_word'/>
</head>
<body>
  <div class='ocr_page' id='page_1' title='image "./historischesynt01draegoog_0026.png"; bbox 0 0 2948 4988; ppageno 0'>
   <div class='ocr_carea' id='block_1_1' title="bbox 571 339 781 403">
    <p class='ocr_par' dir='ltr' id='par_1_1' title="bbox 571 339 781 403">
     <span class='ocr_line' id='line_1_1' title="bbox 571 339 781 403; baseline -0.005 -16"><span class='ocrx_word' id='word_1_1' title='bbox 571 339 781 403; x_wconf 62' lang='lat'><strong>..11-</strong></span> 
     </span>
    </p>
   </div>
   <div class='ocr_carea' id='block_1_2' title="bbox 95 489 1246 781">
    <p class='ocr_par' dir='ltr' id='par_1_2' title="bbox 95 489 1246 781">
     <span class='ocr_line' id='line_1_2' title="bbox 96 489 1246 579; baseline -0.002 -22"><span class='ocrx_word' id='word_1_2' title='bbox 96 491 288 557; x_wconf 82' lang='lat' dir='ltr'><strong>fortissimis</strong></span> <span class='ocrx_word' id='word_1_3' title='bbox 322 501 421 579; x_wconf 87' lang='lat' dir='ltr'><strong>atque</strong></span> <span class='ocrx_word' id='word_1_4' title='bbox 453 492 584 579; x_wconf 88' lang='lat' dir='ltr'><strong>optimis</strong></span> <span class='ocrx_word' id='word_1_5' title='bbox 619 493 709 557; x_wconf 87' lang='lat' dir='ltr'><strong>viris.</strong></span> <span class='ocrx_word' id='word_1_6' title='bbox 753 490 881 577; x_wconf 90' lang='lat' dir='ltr'><strong>Wegen</strong></span> <span class='ocrx_word' id='word_1_7' title='bbox 908 491 967 556; x_wconf 90' lang='lat' dir='ltr'><strong>der</strong></span> <span class='ocrx_word' id='word_1_8' title='bbox 988 491 1166 575; x_wconf 89' lang='lat' dir='ltr'><strong>Trennung</strong></span> <span class='ocrx_word' id='word_1_9' title='bbox 1188 489 1246 557; x_wconf 88' lang='lat' dir='ltr'><strong>der</strong></span> 
     </span>
     <span class='ocr_line' id='line_1_3' title="bbox 96 591 1246 681; baseline -0.002 -23"><span class='ocrx_word' id='word_1_10' title='bbox 96 592 278 681; x_wconf 83' lang='lat' dir='ltr'><strong>Adjeetiva</strong></span> <span class='ocrx_word' id='word_1_11' title='bbox 300 615 376 678; x_wconf 89' lang='lat' dir='ltr'><strong>mag</strong></span> <span class='ocrx_word' id='word_1_12' title='bbox 398 599 427 658; x_wconf 85' lang='lat' dir='ltr'><strong>et</strong></span> <span class='ocrx_word' id='word_1_13' title='bbox 446 592 557 658; x_wconf 77' lang='lat' dir='ltr'><strong>fehleu</strong></span> <span class='ocrx_word' id='word_1_14' title='bbox 589 594 642 658; x_wconf 91' lang='lat' dir='ltr'><strong>bei</strong></span> <span class='ocrx_word' id='word_1_15' title='bbox 672 593 740 661; x_wconf 76' lang='lat' dir='ltr'><strong>(lio.</strong></span> <span class='ocrx_word' id='word_1_16' title='bbox 769 594 835 659; x_wconf 85' lang='lat' dir='ltr'><strong>div.</strong></span> <span class='ocrx_word' id='word_1_17' title='bbox 867 597 894 665; x_wconf 90' lang='lat'><strong>1,</strong></span> <span class='ocrx_word' id='word_1_18' title='bbox 920 592 959 656; x_wconf 88' lang='lat'><strong>18</strong></span> <span class='ocrx_word' id='word_1_19' title='bbox 991 591 1095 658; x_wconf 88' lang='lat' dir='ltr'><strong>multa</strong></span> <span class='ocrx_word' id='word_1_20' title='bbox 1115 602 1246 657; x_wconf 87' lang='lat' dir='ltr'><strong>nostrae</strong></span> 
     </span>
     <span class='ocr_line' id='line_1_4' title="bbox 95 693 1217 781; baseline -0.004 -21"><span class='ocrx_word' id='word_1_21' title='bbox 95 697 190 781; x_wconf 77' lang='lat' dir='ltr'><strong>reip,</strong></span> <span class='ocrx_word' id='word_1_22' title='bbox 213 693 315 760; x_wconf 91' lang='lat' dir='ltr'><strong>multa</strong></span> <span class='ocrx_word' id='word_1_23' title='bbox 337 695 455 760; x_wconf 84' lang='lat' dir='ltr'><strong>ceteris</strong></span> <span class='ocrx_word' id='word_1_24' title='bbox 476 694 666 760; x_wconf 82' lang='lat' dir='ltr'><strong>civitatibus</strong></span> <span class='ocrx_word' id='word_1_25' title='bbox 688 697 806 779; x_wconf 86' lang='lat' dir='ltr'><strong>gravia</strong></span> <span class='ocrx_word' id='word_1_26' title='bbox 827 704 860 758; x_wconf 87' lang='lat' dir='ltr'><strong>et</strong></span> <span class='ocrx_word' id='word_1_27' title='bbox 882 717 961 759; x_wconf 87' lang='lat' dir='ltr'><strong>vera</strong></span> <span class='ocrx_word' id='word_1_28' title='bbox 984 694 1217 780; x_wconf 75' lang='lat' dir='ltr'><strong>praedixerint.</strong></span> 
     </span>
    </p>
   </div>
   <div class='ocr_carea' id='block_1_3' title="bbox 186 782 1437 880">
    <p class='ocr_par' dir='ltr' id='par_1_3' title="bbox 186 782 1437 880">
     <span class='ocr_line' id='line_1_5' title="bbox 186 782 1437 880; baseline -0.001 -19"><span class='ocrx_word' id='word_1_29' title='bbox 186 794 280 861; x_wconf 87' lang='lat' dir='ltr'><strong>Auch</strong></span> <span class='ocrx_word' id='word_1_30' title='bbox 312 796 396 860; x_wconf 86' lang='lat' dir='ltr'><strong>nach</strong></span> <span class='ocrx_word' id='word_1_31' title='bbox 414 782 471 862; x_wconf 77' lang='lat' dir='ltr'><strong>‘tot</strong></span> <span class='ocrx_word' id='word_1_32' title='bbox 503 819 562 862; x_wconf 81' lang='lat' dir='ltr'><strong>vor</strong></span> <span class='ocrx_word' id='word_1_33' title='bbox 595 797 699 861; x_wconf 90' lang='lat' dir='ltr'><strong>einem</strong></span> <span class='ocrx_word' id='word_1_34' title='bbox 733 794 908 880; x_wconf 84' lang='lat' dir='ltr'><strong>folgenden</strong></span> <span class='ocrx_word' id='word_1_35' title='bbox 936 802 1003 861; x_wconf 80' lang='lat' dir='ltr'><strong>tom</strong></span> <span class='ocrx_word' id='word_1_36' title='bbox 1030 795 1111 862; x_wconf 89' lang='lat' dir='ltr'><strong>oder</strong></span> <span class='ocrx_word' id='word_1_37' title='bbox 1138 800 1245 860; x_wconf 80' lang='lat' dir='ltr'><strong>tantus</strong></span> <span class='ocrx_word' id='word_1_38' title='bbox 1339 806 1351 828; x_wconf 88' lang='lat'>&#39;</span> <span class='ocrx_word' id='word_1_39' title='bbox 1433 816 1437 824; x_wconf 90' lang='lat'><em>·</em></span> 
     </span>
    </p>
   </div>
   <div class='ocr_carea' id='block_1_4' title="bbox 46 895 1295 3012">
    <p class='ocr_par' dir='ltr' id='par_1_4' title="bbox 46 895 1295 3012">
     <span class='ocr_line' id='line_1_6' title="bbox 98 895 1243 984; baseline -0.003 -21"><span class='ocrx_word' id='word_1_40' title='bbox 98 907 187 963; x_wconf 84' lang='lat' dir='ltr'><strong>setzt</strong></span> <span class='ocrx_word' id='word_1_41' title='bbox 208 897 324 963; x_wconf 82' lang='lat' dir='ltr'><strong>Cicero</strong></span> <span class='ocrx_word' id='word_1_42' title='bbox 346 896 550 982; x_wconf 74' lang='lat' dir='ltr'><strong>gewohnlioh</strong></span> <span class='ocrx_word' id='word_1_43' title='bbox 572 901 645 962; x_wconf 90' lang='lat' dir='ltr'><strong>eine</strong></span> <span class='ocrx_word' id='word_1_44' title='bbox 667 897 725 962; x_wconf 89' lang='lat' dir='ltr'><strong>der</strong></span> <span class='ocrx_word' id='word_1_45' title='bbox 747 897 817 961; x_wconf 92' lang='lat' dir='ltr'><strong>drei</strong></span> <span class='ocrx_word' id='word_1_46' title='bbox 841 898 1049 984; x_wconf 76' lang='lat' dir='ltr'><strong>copulatiren</strong></span> <span class='ocrx_word' id='word_1_47' title='bbox 1064 895 1243 976; x_wconf 87' lang='lat' dir='ltr'><strong>Partikeln,</strong></span> 
     </span>
     <span class='ocr_line' id='line_1_7' title="bbox 97 999 1244 1084; baseline -0.002 -20"><span class='ocrx_word' id='word_1_48' title='bbox 97 1022 194 1066; x_wconf 82' lang='lat' dir='ltr'><strong>wozu</strong></span> <span class='ocrx_word' id='word_1_49' title='bbox 220 999 320 1064; x_wconf 82' lang='lat' dir='ltr'><strong>Klotz</strong></span> <span class='ocrx_word' id='word_1_50' title='bbox 351 1000 453 1065; x_wconf 87' lang='lat' dir='ltr'><strong>eitirt:</strong></span> <span class='ocrx_word' id='word_1_51' title='bbox 488 999 583 1064; x_wconf 91' lang='lat' dir='ltr'><strong>Verr.</strong></span> <span class='ocrx_word' id='word_1_52' title='bbox 606 999 680 1077; x_wconf 91' lang='grc'><strong>2,5</strong></span> <span class='ocrx_word' id='word_1_53' title='bbox 708 1008 755 1064; x_wconf 90' lang='lat' dir='ltr'><strong>tot</strong></span> <span class='ocrx_word' id='word_1_54' title='bbox 784 1008 816 1063; x_wconf 88' lang='lat' dir='ltr'><strong>et</strong></span> <span class='ocrx_word' id='word_1_55' title='bbox 844 1008 954 1064; x_wconf 78' lang='lat' dir='ltr'><strong>tantae</strong></span> <span class='ocrx_word' id='word_1_56' title='bbox 972 1009 1017 1063; x_wconf 81' lang='lat' dir='ltr'><strong>‘et</strong></span> <span class='ocrx_word' id='word_1_57' title='bbox 1039 1008 1105 1063; x_wconf 90' lang='lat' dir='ltr'><strong>tam</strong></span> <span class='ocrx_word' id='word_1_58' title='bbox 1126 1020 1244 1084; x_wconf 81' lang='lat' dir='ltr'><strong>graves</strong></span> 
     </span>
     <span class='ocr_line' id='line_1_8' title="bbox 98 1097 1243 1186; baseline -0.003 -20"><span class='ocrx_word' id='word_1_59' title='bbox 98 1102 260 1167; x_wconf 82' lang='lat' dir='ltr'><strong>civitates.</strong></span> <span class='ocrx_word' id='word_1_60' title='bbox 302 1101 401 1165; x_wconf 76' lang='lat' dir='ltr'><strong>Tuso.</strong></span> <span class='ocrx_word' id='word_1_61' title='bbox 423 1102 453 1184; x_wconf 83' lang='lat'><strong>5,</strong></span> <span class='ocrx_word' id='word_1_62' title='bbox 479 1102 518 1165; x_wconf 90' lang='lat'><strong>10</strong></span> <span class='ocrx_word' id='word_1_63' title='bbox 539 1103 575 1165; x_wconf 90' lang='lat' dir='ltr'><strong>iu</strong></span> <span class='ocrx_word' id='word_1_64' title='bbox 596 1101 647 1165; x_wconf 91' lang='lat' dir='ltr'><strong>his</strong></span> <span class='ocrx_word' id='word_1_65' title='bbox 670 1110 719 1166; x_wconf 93' lang='lat' dir='ltr'><strong>tot</strong></span> <span class='ocrx_word' id='word_1_66' title='bbox 741 1110 774 1165; x_wconf 87' lang='lat' dir='ltr'><strong>et</strong></span> <span class='ocrx_word' id='word_1_67' title='bbox 795 1101 895 1165; x_wconf 87' lang='lat' dir='ltr'><strong>tantis</strong></span> <span class='ocrx_word' id='word_1_68' title='bbox 918 1099 1023 1166; x_wconf 89' lang='lat' dir='ltr'><strong>malis.</strong></span> <span class='ocrx_word' id='word_1_69' title='bbox 1061 1123 1093 1186; x_wconf 91' lang='lat' dir='ltr'><strong>p.</strong></span> <span class='ocrx_word' id='word_1_70' title='bbox 1110 1097 1243 1180; x_wconf 80' lang='lat' dir='ltr'><strong>Quinot.</strong></span> 
     </span>
     <span class='ocr_line' id='line_1_9' title="bbox 96 1201 1243 1295; baseline -0.003 -27"><span class='ocrx_word' id='word_1_71' title='bbox 96 1205 119 1268; x_wconf 88' lang='grc'><strong>2</strong></span> <span class='ocrx_word' id='word_1_72' title='bbox 147 1213 197 1270; x_wconf 89' lang='lat' dir='ltr'><strong>tot</strong></span> <span class='ocrx_word' id='word_1_73' title='bbox 222 1212 402 1284; x_wconf 77' lang='lat' dir='ltr'><strong>tantaeque.</strong></span> <span class='ocrx_word' id='word_1_74' title='bbox 447 1203 624 1268; x_wconf 85' lang='lat' dir='ltr'><strong>Getrennt:</strong></span> <span class='ocrx_word' id='word_1_75' title='bbox 660 1203 783 1288; x_wconf 76' lang='lat' dir='ltr'><strong>par.2,</strong></span> <span class='ocrx_word' id='word_1_76' title='bbox 808 1202 847 1266; x_wconf 94' lang='grc'><strong>16</strong></span> <span class='ocrx_word' id='word_1_77' title='bbox 879 1211 928 1266; x_wconf 93' lang='lat' dir='ltr'><strong>tot</strong></span> <span class='ocrx_word' id='word_1_78' title='bbox 961 1201 1118 1295; x_wconf 84' lang='lat' dir='ltr'><strong>virtutum</strong></span> <span class='ocrx_word' id='word_1_79' title='bbox 1151 1222 1243 1286; x_wconf 79' lang='lat' dir='ltr'><strong>prae.</strong></span> 
     </span>
     <span class='ocr_line' id='line_1_10' title="bbox 97 1300 1246 1390; baseline -0.003 -20"><span class='ocrx_word' id='word_1_80' title='bbox 97 1304 184 1370; x_wconf 88' lang='lat' dir='ltr'><strong>sidio</strong></span> <span class='ocrx_word' id='word_1_81' title='bbox 208 1311 360 1386; x_wconf 73' lang='lat' dir='ltr'><strong>tantoque</strong></span> <span class='ocrx_word' id='word_1_82' title='bbox 381 1305 547 1372; x_wconf 82' lang='lat' dir='ltr'><strong>comitatu.</strong></span> <span class='ocrx_word' id='word_1_83' title='bbox 591 1304 685 1368; x_wconf 83' lang='lat' dir='ltr'><strong>Eben</strong></span> <span class='ocrx_word' id='word_1_84' title='bbox 707 1325 743 1368; x_wconf 91' lang='lat' dir='ltr'><strong>so</strong></span> <span class='ocrx_word' id='word_1_85' title='bbox 767 1326 826 1368; x_wconf 81' lang='lat' dir='ltr'><strong>vor</strong></span> <span class='ocrx_word' id='word_1_86' title='bbox 848 1305 938 1369; x_wconf 61' lang='lat' dir='ltr'><strong>tulta:</strong></span> <span class='ocrx_word' id='word_1_87' title='bbox 968 1327 1000 1390; x_wconf 89' lang='lat' dir='ltr'><strong>p.</strong></span> <span class='ocrx_word' id='word_1_88' title='bbox 1023 1300 1112 1368; x_wconf 85' lang='lat' dir='ltr'><strong>Cael.</strong></span> <span class='ocrx_word' id='word_1_89' title='bbox 1133 1303 1175 1366; x_wconf 92' lang='grc'><strong>28</strong></span> <span class='ocrx_word' id='word_1_90' title='bbox 1198 1311 1246 1368; x_wconf 95' lang='lat' dir='ltr'><strong>tot</strong></span> 
     </span>
     <span class='ocr_line' id='line_1_11' title="bbox 97 1402 1247 1490; baseline -0.002 -19"><span class='ocrx_word' id='word_1_91' title='bbox 97 1407 164 1472; x_wconf 88' lang='lat' dir='ltr'><strong>viri</strong></span> <span class='ocrx_word' id='word_1_92' title='bbox 185 1427 224 1471; x_wconf 86' lang='lat' dir='ltr'><strong>ue</strong></span> <span class='ocrx_word' id='word_1_93' title='bbox 244 1404 337 1470; x_wconf 81' lang='lat' dir='ltr'><strong>tales.</strong></span> <span class='ocrx_word' id='word_1_94' title='bbox 378 1404 539 1470; x_wconf 87' lang='lat' dir='ltr'><strong>Dennooh</strong></span> <span class='ocrx_word' id='word_1_95' title='bbox 562 1406 685 1470; x_wconf 86' lang='lat' dir='ltr'><strong>wieder</strong></span> <span class='ocrx_word' id='word_1_96' title='bbox 706 1406 790 1471; x_wconf 88' lang='lat' dir='ltr'><strong>ohne</strong></span> <span class='ocrx_word' id='word_1_97' title='bbox 812 1404 977 1469; x_wconf 85' lang='lat' dir='ltr'><strong>Partikel:</strong></span> <span class='ocrx_word' id='word_1_98' title='bbox 1002 1427 1032 1490; x_wconf 91' lang='lat' dir='ltr'><strong>p.</strong></span> <span class='ocrx_word' id='word_1_99' title='bbox 1048 1402 1118 1468; x_wconf 90' lang='lat' dir='ltr'><strong>Mil.</strong></span> <span class='ocrx_word' id='word_1_100' title='bbox 1135 1404 1176 1467; x_wconf 89' lang='grc'><strong>23</strong></span> <span class='ocrx_word' id='word_1_101' title='bbox 1198 1407 1247 1469; x_wconf 82' lang='lat' dir='ltr'><strong>tot</strong></span> 
     </span>
     <span class='ocr_line' id='line_1_12' title="bbox 98 1504 1246 1593; baseline -0.003 -20"><span class='ocrx_word' id='word_1_102' title='bbox 98 1519 166 1573; x_wconf 85' lang='lat' dir='ltr'><strong>tam</strong></span> <span class='ocrx_word' id='word_1_103' title='bbox 181 1506 278 1571; x_wconf 85' lang='lat' dir='ltr'><strong>elaris</strong></span> <span class='ocrx_word' id='word_1_104' title='bbox 300 1506 504 1592; x_wconf 81' lang='lat' dir='ltr'><strong>argumentis</strong></span> <span class='ocrx_word' id='word_1_105' title='bbox 527 1507 705 1593; x_wconf 83' lang='lat' dir='ltr'><strong>signisque.</strong></span> <span class='ocrx_word' id='word_1_106' title='bbox 721 1546 762 1556; x_wconf 92' lang='lat'>-</span> <span class='ocrx_word' id='word_1_107' title='bbox 778 1504 1010 1572; x_wconf 75' lang='lat' dir='ltr'><strong>Schwenkend</strong></span> <span class='ocrx_word' id='word_1_108' title='bbox 1032 1507 1076 1570; x_wconf 90' lang='lat' dir='ltr'><strong>ist</strong></span> <span class='ocrx_word' id='word_1_109' title='bbox 1097 1507 1246 1570; x_wconf 82' lang='lat' dir='ltr'><strong>letzteres</strong></span> 
     </span>
     <span class='ocr_line' id='line_1_13' title="bbox 97 1606 1246 1694; baseline -0.005 -19"><span class='ocrx_word' id='word_1_110' title='bbox 97 1610 156 1676; x_wconf 87' lang='lat' dir='ltr'><strong>bei</strong></span> <span class='ocrx_word' id='word_1_111' title='bbox 177 1609 305 1691; x_wconf 86' lang='lat' dir='ltr'><strong>Livius,</strong></span> <span class='ocrx_word' id='word_1_112' title='bbox 328 1608 387 1673; x_wconf 90' lang='lat' dir='ltr'><strong>der</strong></span> <span class='ocrx_word' id='word_1_113' title='bbox 408 1629 496 1672; x_wconf 81' lang='lat' dir='ltr'><strong>zwar</strong></span> <span class='ocrx_word' id='word_1_114' title='bbox 516 1608 599 1672; x_wconf 86' lang='lat' dir='ltr'><strong>auch</strong></span> <span class='ocrx_word' id='word_1_115' title='bbox 623 1607 676 1672; x_wconf 88' lang='lat' dir='ltr'><strong>die</strong></span> <span class='ocrx_word' id='word_1_116' title='bbox 700 1608 917 1694; x_wconf 85' lang='lat' dir='ltr'><strong>Conjunction</strong></span> <span class='ocrx_word' id='word_1_117' title='bbox 939 1617 1037 1686; x_wconf 85' lang='lat' dir='ltr'><strong>setzt‚</strong></span> <span class='ocrx_word' id='word_1_118' title='bbox 1067 1608 1129 1671; x_wconf 89' lang='lat' dir='ltr'><strong>wie</strong></span> <span class='ocrx_word' id='word_1_119' title='bbox 1151 1607 1182 1685; x_wconf 89' lang='grc'><strong>8,</strong></span> <span class='ocrx_word' id='word_1_120' title='bbox 1207 1606 1246 1670; x_wconf 91' lang='grc'><strong>12</strong></span> 
     </span>
     <span class='ocr_line' id='line_1_14' title="bbox 97 1707 1292 1797; baseline -0.004 -20"><span class='ocrx_word' id='word_1_121' title='bbox 97 1713 142 1778; x_wconf 88' lang='lat' dir='ltr'><strong>de</strong></span> <span class='ocrx_word' id='word_1_122' title='bbox 164 1719 274 1776; x_wconf 82' lang='lat' dir='ltr'><strong>totae</strong></span> <span class='ocrx_word' id='word_1_123' title='bbox 294 1720 361 1774; x_wconf 84' lang='lat' dir='ltr'><strong>tam</strong></span> <span class='ocrx_word' id='word_1_124' title='bbox 382 1709 570 1796; x_wconf 89' lang='lat' dir='ltr'><strong>potentibus</strong></span> <span class='ocrx_word' id='word_1_125' title='bbox 593 1711 732 1797; x_wconf 89' lang='lat' dir='ltr'><strong>populis.</strong></span> <span class='ocrx_word' id='word_1_126' title='bbox 769 1709 823 1792; x_wconf 93' lang='grc'><strong>24,</strong></span> <span class='ocrx_word' id='word_1_127' title='bbox 838 1710 879 1774; x_wconf 91' lang='grc'><strong>26</strong></span> <span class='ocrx_word' id='word_1_128' title='bbox 900 1719 1000 1775; x_wconf 84' lang='lat' dir='ltr'><strong>totae</strong></span> <span class='ocrx_word' id='word_1_129' title='bbox 1022 1719 1089 1774; x_wconf 89' lang='lat' dir='ltr'><strong>tam</strong></span> <span class='ocrx_word' id='word_1_130' title='bbox 1104 1707 1245 1792; x_wconf 86' lang='lat' dir='ltr'><strong>validae,</strong></span> <span class='ocrx_word' id='word_1_131' title='bbox 1291 1760 1292 1764; x_wconf 65' lang='lat'><strong><em>,</em></strong></span> 
     </span>
     <span class='ocr_line' id='line_1_15' title="bbox 96 1809 1246 1898; baseline -0.004 -19"><span class='ocrx_word' id='word_1_132' title='bbox 96 1813 167 1879; x_wconf 88' lang='lat' dir='ltr'><strong>und</strong></span> <span class='ocrx_word' id='word_1_133' title='bbox 195 1813 290 1877; x_wconf 79' lang='lat' dir='ltr'><strong>ditor.</strong></span> <span class='ocrx_word' id='word_1_134' title='bbox 335 1810 446 1877; x_wconf 89' lang='lat' dir='ltr'><strong>Ohne</strong></span> <span class='ocrx_word' id='word_1_135' title='bbox 473 1809 639 1876; x_wconf 86' lang='lat' dir='ltr'><strong>Partikel:</strong></span> <span class='ocrx_word' id='word_1_136' title='bbox 673 1814 704 1892; x_wconf 87' lang='grc'><strong>5,</strong></span> <span class='ocrx_word' id='word_1_137' title='bbox 728 1812 771 1877; x_wconf 98' lang='grc'><strong>54</strong></span> <span class='ocrx_word' id='word_1_138' title='bbox 797 1821 846 1876; x_wconf 93' lang='lat' dir='ltr'><strong>tot</strong></span> <span class='ocrx_word' id='word_1_139' title='bbox 880 1821 946 1877; x_wconf 85' lang='lat' dir='ltr'><strong>tam</strong></span> <span class='ocrx_word' id='word_1_140' title='bbox 974 1810 1086 1876; x_wconf 84' lang='lat' dir='ltr'><strong>valida</strong></span> <span class='ocrx_word' id='word_1_141' title='bbox 1113 1809 1246 1898; x_wconf 85' lang='lat' dir='ltr'><strong>oppida.</strong></span> 
     </span>
     <span class='ocr_line' id='line_1_16' title="bbox 96 1904 1248 1998; baseline -0.003 -20"><span class='ocrx_word' id='word_1_142' title='bbox 96 1915 152 1998; x_wconf 88' lang='grc'><strong>21,</strong></span> <span class='ocrx_word' id='word_1_143' title='bbox 176 1914 198 1978; x_wconf 86' lang='grc'><strong>9</strong></span> <span class='ocrx_word' id='word_1_144' title='bbox 220 1914 306 1979; x_wconf 89' lang='lat' dir='ltr'><strong>inter</strong></span> <span class='ocrx_word' id='word_1_145' title='bbox 326 1922 376 1978; x_wconf 90' lang='lat' dir='ltr'><strong>tot</strong></span> <span class='ocrx_word' id='word_1_146' title='bbox 397 1924 465 1977; x_wconf 85' lang='lat' dir='ltr'><strong>tam</strong></span> <span class='ocrx_word' id='word_1_147' title='bbox 487 1914 718 1977; x_wconf 83' lang='lat' dir='ltr'><strong>effrenatarum</strong></span> <span class='ocrx_word' id='word_1_148' title='bbox 745 1914 891 1998; x_wconf 88' lang='lat' dir='ltr'><strong>gentium</strong></span> <span class='ocrx_word' id='word_1_149' title='bbox 919 1934 1019 1980; x_wconf 84' lang='lat' dir='ltr'><strong>arma.</strong></span> <span class='ocrx_word' id='word_1_150' title='bbox 1062 1904 1114 1996; x_wconf 89' lang='grc'><strong>25,</strong></span> <span class='ocrx_word' id='word_1_151' title='bbox 1136 1911 1179 1976; x_wconf 90' lang='grc'><strong>24</strong></span> <span class='ocrx_word' id='word_1_152' title='bbox 1199 1920 1248 1977; x_wconf 90' lang='lat' dir='ltr'><strong>tot</strong></span> 
     </span>
     <span class='ocr_line' id='line_1_17' title="bbox 100 2012 1247 2102; baseline -0.004 -20"><span class='ocrx_word' id='word_1_153' title='bbox 100 2027 170 2082; x_wconf 83' lang='lat' dir='ltr'><strong>tam</strong></span> <span class='ocrx_word' id='word_1_154' title='bbox 194 2013 341 2102; x_wconf 87' lang='lat' dir='ltr'><strong>opulenti</strong></span> <span class='ocrx_word' id='word_1_155' title='bbox 365 2016 503 2099; x_wconf 85' lang='lat' dir='ltr'><strong>tyranni.</strong></span> <span class='ocrx_word' id='word_1_156' title='bbox 547 2013 597 2091; x_wconf 88' lang='grc'><strong>26,</strong></span> <span class='ocrx_word' id='word_1_157' title='bbox 624 2015 662 2078; x_wconf 89' lang='grc'><strong>13</strong></span> <span class='ocrx_word' id='word_1_158' title='bbox 690 2013 770 2078; x_wconf 85' lang='lat' dir='ltr'><strong>haee</strong></span> <span class='ocrx_word' id='word_1_159' title='bbox 798 2023 935 2094; x_wconf 88' lang='lat' dir='ltr'><strong>tottam</strong></span> <span class='ocrx_word' id='word_1_160' title='bbox 958 2012 1087 2078; x_wconf 85' lang='lat' dir='ltr'><strong>acerba.</strong></span> <span class='ocrx_word' id='word_1_161' title='bbox 1131 2012 1182 2092; x_wconf 89' lang='grc'><strong>28,</strong></span> <span class='ocrx_word' id='word_1_162' title='bbox 1205 2013 1247 2078; x_wconf 91' lang='grc'><strong>28</strong></span> 
     </span>
     <span class='ocr_line' id='line_1_18' title="bbox 46 2114 1209 2205; baseline -0.004 -23"><span class='ocrx_word' id='word_1_163' title='bbox 46 2158 66 2192; x_wconf 83' lang='grc'><strong>.</strong></span> <span class='ocrx_word' id='word_1_164' title='bbox 96 2127 149 2182; x_wconf 88' lang='lat' dir='ltr'><strong>tot</strong></span> <span class='ocrx_word' id='word_1_165' title='bbox 172 2128 237 2182; x_wconf 84' lang='lat' dir='ltr'><strong>tam</strong></span> <span class='ocrx_word' id='word_1_166' title='bbox 260 2115 434 2205; x_wconf 83' lang='lat' dir='ltr'><strong>praeclaris</strong></span> <span class='ocrx_word' id='word_1_167' title='bbox 456 2115 717 2201; x_wconf 85' lang='lat' dir='ltr'><strong>imperatoribus.</strong></span> <span class='ocrx_word' id='word_1_168' title='bbox 762 2115 814 2197; x_wconf 87' lang='grc'><strong>29,</strong></span> <span class='ocrx_word' id='word_1_169' title='bbox 836 2114 876 2179; x_wconf 92' lang='grc'><strong>21</strong></span> <span class='ocrx_word' id='word_1_170' title='bbox 900 2124 1036 2180; x_wconf 88' lang='lat' dir='ltr'><strong>tottam</strong></span> <span class='ocrx_word' id='word_1_171' title='bbox 1058 2115 1209 2180; x_wconf 84' lang='lat' dir='ltr'><strong>nefanda.</strong></span> 
     </span>
     <span class='ocr_line' id='line_1_19' title="bbox 184 2215 1247 2303; baseline -0.002 -21"><span class='ocrx_word' id='word_1_172' title='bbox 184 2219 251 2282; x_wconf 88' lang='lat' dir='ltr'><strong>Am</strong></span> <span class='ocrx_word' id='word_1_173' title='bbox 272 2215 551 2303; x_wconf 74' lang='lat' dir='ltr'><strong>gewdhnliohsten</strong></span> <span class='ocrx_word' id='word_1_174' title='bbox 573 2215 660 2282; x_wconf 87' lang='lat' dir='ltr'><strong>steht</strong></span> <span class='ocrx_word' id='word_1_175' title='bbox 682 2217 741 2282; x_wconf 87' lang='lat' dir='ltr'><strong>das</strong></span> <span class='ocrx_word' id='word_1_176' title='bbox 765 2216 964 2302; x_wconf 85' lang='lat' dir='ltr'><strong>explieative</strong></span> <span class='ocrx_word' id='word_1_177' title='bbox 986 2223 1015 2282; x_wconf 81' lang='lat' dir='ltr'><strong>et</strong></span> <span class='ocrx_word' id='word_1_178' title='bbox 1036 2239 1095 2282; x_wconf 82' lang='lat' dir='ltr'><strong>vor</strong></span> <span class='ocrx_word' id='word_1_179' title='bbox 1115 2219 1146 2282; x_wconf 79' lang='lat' dir='ltr'><strong>is</strong></span> <span class='ocrx_word' id='word_1_180' title='bbox 1167 2216 1247 2281; x_wconf 87' lang='lat' dir='ltr'><strong>oder</strong></span> 
     </span>
     <span class='ocr_line' id='line_1_20' title="bbox 99 2317 1247 2405; baseline -0.003 -19"><span class='ocrx_word' id='word_1_181' title='bbox 99 2322 247 2405; x_wconf 60' lang='lat' dir='ltr'><strong>quidem</strong></span> <span class='ocrx_word' id='word_1_182' title='bbox 269 2319 393 2404; x_wconf 78' lang='lat' dir='ltr'><strong>Belage</strong></span> <span class='ocrx_word' id='word_1_183' title='bbox 415 2318 488 2383; x_wconf 91' lang='lat' dir='ltr'><strong>sind</strong></span> <span class='ocrx_word' id='word_1_184' title='bbox 510 2317 717 2403; x_wconf 81' lang='lat' dir='ltr'><strong>tiberiliissig.</strong></span> <span class='ocrx_word' id='word_1_185' title='bbox 754 2319 888 2383; x_wconf 87' lang='lat' dir='ltr'><strong>Andere</strong></span> <span class='ocrx_word' id='word_1_186' title='bbox 903 2317 1169 2403; x_wconf 89' lang='lat' dir='ltr'><strong>Verbindungen,</strong></span> <span class='ocrx_word' id='word_1_187' title='bbox 1193 2317 1247 2382; x_wconf 88' lang='lat' dir='ltr'><strong>dio</strong></span> 
     </span>
     <span class='ocr_line' id='line_1_21' title="bbox 96 2419 1295 2507; baseline -0.004 -20"><span class='ocrx_word' id='word_1_188' title='bbox 96 2423 171 2487; x_wconf 81' lang='lat' dir='ltr'><strong>sich</strong></span> <span class='ocrx_word' id='word_1_189' title='bbox 199 2423 292 2486; x_wconf 88' lang='lat' dir='ltr'><strong>nieht</strong></span> <span class='ocrx_word' id='word_1_190' title='bbox 319 2443 360 2485; x_wconf 86' lang='lat' dir='ltr'><strong>an</strong></span> <span class='ocrx_word' id='word_1_191' title='bbox 389 2420 576 2486; x_wconf 86' lang='lat' dir='ltr'><strong>bestimmte</strong></span> <span class='ocrx_word' id='word_1_192' title='bbox 598 2420 733 2485; x_wconf 74' lang='lat' dir='ltr'><strong>Wdrter</strong></span> <span class='ocrx_word' id='word_1_193' title='bbox 760 2420 997 2502; x_wconf 87' lang='lat' dir='ltr'><strong>ansehliessen,</strong></span> <span class='ocrx_word' id='word_1_194' title='bbox 1032 2419 1122 2484; x_wconf 85' lang='lat' dir='ltr'><strong>sind:</strong></span> <span class='ocrx_word' id='word_1_195' title='bbox 1160 2419 1245 2485; x_wconf 82' lang='lat' dir='ltr'><strong>Cic.</strong></span> <span class='ocrx_word' id='word_1_196' title='bbox 1291 2499 1295 2507; x_wconf 24' lang='grc' dir='ltr'><strong><em>Ι</em></strong></span> 
     </span>
     <span class='ocr_line' id='line_1_22' title="bbox 97 2519 1246 2609; baseline -0.005 -18"><span class='ocrx_word' id='word_1_197' title='bbox 97 2523 198 2591; x_wconf 82' lang='lat' dir='ltr'><strong>Catil.</strong></span> <span class='ocrx_word' id='word_1_198' title='bbox 224 2524 253 2604; x_wconf 91' lang='lat' dir='ltr'><strong>l,</strong></span> <span class='ocrx_word' id='word_1_199' title='bbox 276 2523 298 2586; x_wconf 92' lang='grc'><strong>2</strong></span> <span class='ocrx_word' id='word_1_200' title='bbox 320 2544 406 2586; x_wconf 87' lang='lat' dir='ltr'><strong>mors</strong></span> <span class='ocrx_word' id='word_1_201' title='bbox 429 2543 467 2586; x_wconf 88' lang='lat' dir='ltr'><strong>ae</strong></span> <span class='ocrx_word' id='word_1_202' title='bbox 488 2522 568 2606; x_wconf 90' lang='lat' dir='ltr'><strong>reip.</strong></span> <span class='ocrx_word' id='word_1_203' title='bbox 592 2545 705 2609; x_wconf 89' lang='lat' dir='ltr'><strong>poena.</strong></span> <span class='ocrx_word' id='word_1_204' title='bbox 753 2521 815 2607; x_wconf 89' lang='lat' dir='ltr'><strong>leg.</strong></span> <span class='ocrx_word' id='word_1_205' title='bbox 845 2522 934 2588; x_wconf 85' lang='lat' dir='ltr'><strong>Man.</strong></span> <span class='ocrx_word' id='word_1_206' title='bbox 957 2520 999 2585; x_wconf 92' lang='grc'><strong>22</strong></span> <span class='ocrx_word' id='word_1_207' title='bbox 1021 2523 1055 2584; x_wconf 91' lang='lat' dir='ltr'><strong>in</strong></span> <span class='ocrx_word' id='word_1_208' title='bbox 1077 2521 1139 2585; x_wconf 86' lang='lat' dir='ltr'><strong>hoe</strong></span> <span class='ocrx_word' id='word_1_209' title='bbox 1163 2519 1246 2585; x_wconf 90' lang='lat' dir='ltr'><strong>bello</strong></span> 
     </span>
     <span class='ocr_line' id='line_1_23' title="bbox 96 2622 1245 2710; baseline -0.003 -19"><span class='ocrx_word' id='word_1_210' title='bbox 96 2627 249 2691; x_wconf 85' lang='lat' dir='ltr'><strong>Asiatico</strong></span> <span class='ocrx_word' id='word_1_211' title='bbox 272 2633 305 2688; x_wconf 90' lang='lat' dir='ltr'><strong>et</strong></span> <span class='ocrx_word' id='word_1_212' title='bbox 328 2623 427 2708; x_wconf 86' lang='lat' dir='ltr'><strong>regio.</strong></span> <span class='ocrx_word' id='word_1_213' title='bbox 465 2623 519 2688; x_wconf 89' lang='lat' dir='ltr'><strong>off.</strong></span> <span class='ocrx_word' id='word_1_214' title='bbox 534 2624 564 2707; x_wconf 92' lang='grc'><strong>2,</strong></span> <span class='ocrx_word' id='word_1_215' title='bbox 580 2625 623 2688; x_wconf 88' lang='grc'><strong>20</strong></span> <span class='ocrx_word' id='word_1_216' title='bbox 643 2625 750 2710; x_wconf 91' lang='lat' dir='ltr'><strong>inopis</strong></span> <span class='ocrx_word' id='word_1_217' title='bbox 771 2633 804 2688; x_wconf 87' lang='lat' dir='ltr'><strong>et</strong></span> <span class='ocrx_word' id='word_1_218' title='bbox 824 2623 940 2710; x_wconf 88' lang='lat' dir='ltr'><strong>optimi</strong></span> <span class='ocrx_word' id='word_1_219' title='bbox 954 2622 1028 2687; x_wconf 86' lang='lat' dir='ltr'><strong>viri.</strong></span> <span class='ocrx_word' id='word_1_220' title='bbox 1065 2622 1140 2686; x_wconf 87' lang='lat' dir='ltr'><strong>Liv.</strong></span> <span class='ocrx_word' id='word_1_221' title='bbox 1160 2624 1188 2702; x_wconf 91' lang='lat'><strong>1,</strong></span> <span class='ocrx_word' id='word_1_222' title='bbox 1208 2623 1245 2687; x_wconf 93' lang='grc'><strong>17</strong></span> 
     </span>
     <span class='ocr_line' id='line_1_24' title="bbox 96 2726 1246 2813; baseline -0.006 -20"><span class='ocrx_word' id='word_1_223' title='bbox 96 2750 210 2813; x_wconf 88' lang='lat' dir='ltr'><strong>regem</strong></span> <span class='ocrx_word' id='word_1_224' title='bbox 232 2735 267 2791; x_wconf 89' lang='lat' dir='ltr'><strong>et</strong></span> <span class='ocrx_word' id='word_1_225' title='bbox 289 2726 332 2790; x_wconf 82' lang='lat' dir='ltr'><strong>ab</strong></span> <span class='ocrx_word' id='word_1_226' title='bbox 354 2726 434 2811; x_wconf 85' lang='lat' dir='ltr'><strong>ipsis</strong></span> <span class='ocrx_word' id='word_1_227' title='bbox 457 2735 612 2790; x_wconf 86' lang='lat' dir='ltr'><strong>creatum.</strong></span> <span class='ocrx_word' id='word_1_228' title='bbox 649 2728 680 2806; x_wconf 88' lang='grc'><strong>4,</strong></span> <span class='ocrx_word' id='word_1_229' title='bbox 702 2727 744 2790; x_wconf 90' lang='grc'><strong>55</strong></span> <span class='ocrx_word' id='word_1_230' title='bbox 766 2736 832 2789; x_wconf 87' lang='lat' dir='ltr'><strong>tres</strong></span> <span class='ocrx_word' id='word_1_231' title='bbox 856 2735 948 2790; x_wconf 87' lang='lat' dir='ltr'><strong>erant</strong></span> <span class='ocrx_word' id='word_1_232' title='bbox 970 2734 1003 2788; x_wconf 89' lang='lat' dir='ltr'><strong>et</strong></span> <span class='ocrx_word' id='word_1_233' title='bbox 1024 2746 1134 2789; x_wconf 89' lang='lat' dir='ltr'><strong>omnes</strong></span> <span class='ocrx_word' id='word_1_234' title='bbox 1157 2745 1246 2787; x_wconf 86' lang='lat' dir='ltr'><strong>acer·</strong></span> 
     </span>
     <span class='ocr_line' id='line_1_25' title="bbox 97 2824 1246 2912; baseline -0.003 -17"><span class='ocrx_word' id='word_1_235' title='bbox 97 2831 174 2895; x_wconf 88' lang='lat' dir='ltr'><strong>rimi</strong></span> <span class='ocrx_word' id='word_1_236' title='bbox 197 2829 276 2892; x_wconf 86' lang='lat' dir='ltr'><strong>viri.</strong></span> <span class='ocrx_word' id='word_1_237' title='bbox 312 2827 342 2909; x_wconf 85' lang='lat'><strong>9,</strong></span> <span class='ocrx_word' id='word_1_238' title='bbox 366 2827 417 2891; x_wconf 87' lang='grc'><strong>32.</strong></span> <span class='ocrx_word' id='word_1_239' title='bbox 451 2827 505 2911; x_wconf 92' lang='grc'><strong>26,</strong></span> <span class='ocrx_word' id='word_1_240' title='bbox 529 2828 579 2891; x_wconf 89' lang='grc'><strong>13.</strong></span> <span class='ocrx_word' id='word_1_241' title='bbox 612 2827 665 2908; x_wconf 91' lang='grc'><strong>34,</strong></span> <span class='ocrx_word' id='word_1_242' title='bbox 688 2829 739 2892; x_wconf 91' lang='grc'><strong>32.</strong></span> <span class='ocrx_word' id='word_1_243' title='bbox 771 2828 823 2906; x_wconf 90' lang='grc'><strong>40,</strong></span> <span class='ocrx_word' id='word_1_244' title='bbox 851 2828 897 2890; x_wconf 90' lang='grc'><strong>11.</strong></span> <span class='ocrx_word' id='word_1_245' title='bbox 936 2824 1034 2912; x_wconf 86' lang='lat' dir='ltr'><strong>Apul.</strong></span> <span class='ocrx_word' id='word_1_246' title='bbox 1055 2835 1130 2891; x_wconf 89' lang='lat' dir='ltr'><strong>met.</strong></span> <span class='ocrx_word' id='word_1_247' title='bbox 1155 2828 1183 2910; x_wconf 71' lang='lat'><strong>1,</strong></span> <span class='ocrx_word' id='word_1_248' title='bbox 1204 2825 1246 2891; x_wconf 88' lang='grc'><strong>23</strong></span> 
     </span>
     <span class='ocr_line' id='line_1_26' title="bbox 98 2927 1248 3012; baseline -0.003 -16"><span class='ocrx_word' id='word_1_249' title='bbox 98 2941 132 2996; x_wconf 88' lang='lat' dir='ltr'><strong>et</strong></span> <span class='ocrx_word' id='word_1_250' title='bbox 156 2941 244 2994; x_wconf 87' lang='lat' dir='ltr'><strong>recte</strong></span> <span class='ocrx_word' id='word_1_251' title='bbox 269 2928 360 3009; x_wconf 91' lang='lat' dir='ltr'><strong>„und</strong></span> <span class='ocrx_word' id='word_1_252' title='bbox 385 2950 473 2991; x_wconf 85' lang='lat' dir='ltr'><strong>zwar</strong></span> <span class='ocrx_word' id='word_1_253' title='bbox 494 2929 555 2994; x_wconf 91' lang='lat' dir='ltr'><strong>mit</strong></span> <span class='ocrx_word' id='word_1_254' title='bbox 570 2929 708 2993; x_wconf 86' lang='lat' dir='ltr'><strong>Recht.“</strong></span> <span class='ocrx_word' id='word_1_255' title='bbox 729 2967 761 2976; x_wconf 82' lang='lat'>-</span> <span class='ocrx_word' id='word_1_256' title='bbox 781 2927 903 2993; x_wconf 89' lang='lat' dir='ltr'><strong>Stellen</strong></span> <span class='ocrx_word' id='word_1_257' title='bbox 925 2949 984 2992; x_wconf 85' lang='lat' dir='ltr'><strong>aus</strong></span> <span class='ocrx_word' id='word_1_258' title='bbox 999 2927 1134 3012; x_wconf 89' lang='lat' dir='ltr'><strong>Virgil</strong></span> <span class='ocrx_word' id='word_1_259' title='bbox 1156 2928 1248 3012; x_wconf 89' lang='lat' dir='ltr'><strong>giebt</strong></span> 
     </span>
    </p>
   </div>
   <div class='ocr_carea' id='block_1_5' title="bbox 57 3028 1248 3211">
    <p class='ocr_par' dir='ltr' id='par_1_5' title="bbox 57 3028 1248 3211">
     <span class='ocr_line' id='line_1_27' title="bbox 98 3028 1248 3125; baseline -0.003 -29"><span class='ocrx_word' id='word_1_260' title='bbox 98 3032 265 3116; x_wconf 83' lang='lat' dir='ltr'><strong>Forbiger</strong></span> <span class='ocrx_word' id='word_1_261' title='bbox 308 3051 350 3093; x_wconf 85' lang='lat' dir='ltr'><strong>zu</strong></span> <span class='ocrx_word' id='word_1_262' title='bbox 391 3030 474 3093; x_wconf 84' lang='lat' dir='ltr'><strong>Aen.</strong></span> <span class='ocrx_word' id='word_1_263' title='bbox 513 3031 549 3113; x_wconf 90' lang='grc'><strong>2,</strong></span> <span class='ocrx_word' id='word_1_264' title='bbox 587 3030 649 3094; x_wconf 92' lang='grc'><strong>722</strong></span> <span class='ocrx_word' id='word_1_265' title='bbox 691 3031 757 3094; x_wconf 91' lang='lat' dir='ltr'><strong>und</strong></span> <span class='ocrx_word' id='word_1_266' title='bbox 794 3030 939 3125; x_wconf 83' lang='lat' dir='ltr'><strong>Wagner</strong></span> <span class='ocrx_word' id='word_1_267' title='bbox 982 3028 1115 3111; x_wconf 81' lang='lat' dir='ltr'><strong>Quaest.</strong></span> <span class='ocrx_word' id='word_1_268' title='bbox 1154 3029 1248 3114; x_wconf 93' lang='lat' dir='ltr'><strong>Virg.</strong></span> 
     </span>
     <span class='ocr_line' id='line_1_28' title="bbox 57 3132 326 3211; baseline -0.007 -12"><span class='ocrx_word' id='word_1_269' title='bbox 57 3168 68 3183; x_wconf 93' lang='lat'><strong>·</strong></span> <span class='ocrx_word' id='word_1_270' title='bbox 97 3132 273 3211; x_wconf 81' lang='lat' dir='ltr'>XXXIII,</span> <span class='ocrx_word' id='word_1_271' title='bbox 295 3132 326 3197; x_wconf 88' lang='lat'><strong>4.</strong></span> 
     </span>
    </p>
   </div>
   <div class='ocr_carea' id='block_1_6' title="bbox 186 3232 1248 3320">
    <p class='ocr_par' dir='ltr' id='par_1_6' title="bbox 186 3232 1248 3320">
     <span class='ocr_line' id='line_1_29' title="bbox 186 3232 1248 3320; baseline 0.002 -23"><span class='ocrx_word' id='word_1_272' title='bbox 186 3234 275 3302; x_wconf 83' lang='lat' dir='ltr'><strong>Tae.</strong></span> <span class='ocrx_word' id='word_1_273' title='bbox 300 3233 374 3297; x_wconf 85' lang='grc'><strong>(1.7</strong></span> <span class='ocrx_word' id='word_1_274' title='bbox 408 3232 527 3317; x_wconf 85' lang='lat' dir='ltr'><strong>vulgus</strong></span> <span class='ocrx_word' id='word_1_275' title='bbox 558 3256 686 3320; x_wconf 92' lang='lat' dir='ltr'><strong>quoque</strong></span> <span class='ocrx_word' id='word_1_276' title='bbox 719 3233 904 3320; x_wconf 89' lang='lat' dir='ltr'><strong>imperitum</strong></span> <span class='ocrx_word' id='word_1_277' title='bbox 939 3242 971 3297; x_wconf 92' lang='lat' dir='ltr'><strong>et</strong></span> <span class='ocrx_word' id='word_1_278' title='bbox 1003 3235 1166 3299; x_wconf 81' lang='lat' dir='ltr'><strong>tunicatus</strong></span> <span class='ocrx_word' id='word_1_279' title='bbox 1195 3232 1248 3299; x_wconf 88' lang='lat' dir='ltr'><strong>hic</strong></span> 
     </span>
    </p>
   </div>
   <div class='ocr_carea' id='block_1_7' title="bbox 94 3332 1250 4537">
    <p class='ocr_par' dir='ltr' id='par_1_7' title="bbox 96 3332 1250 4033">
     <span class='ocr_line' id='line_1_30' title="bbox 99 3332 1248 3425; baseline 0 -25"><span class='ocrx_word' id='word_1_280' title='bbox 99 3336 255 3425; x_wconf 87' lang='lat' dir='ltr'><strong>populus.</strong></span> <span class='ocrx_word' id='word_1_281' title='bbox 299 3332 478 3399; x_wconf 85' lang='lat' dir='ltr'><strong>Aehnlioh:</strong></span> <span class='ocrx_word' id='word_1_282' title='bbox 517 3335 598 3419; x_wconf 82' lang='lat' dir='ltr'><strong>Agr.</strong></span> <span class='ocrx_word' id='word_1_283' title='bbox 620 3335 663 3399; x_wconf 88' lang='lat'><strong>43</strong></span> <span class='ocrx_word' id='word_1_284' title='bbox 695 3334 813 3419; x_wconf 87' lang='lat' dir='ltr'><strong>vulgus</strong></span> <span class='ocrx_word' id='word_1_285' title='bbox 847 3357 975 3421; x_wconf 85' lang='lat' dir='ltr'><strong>quoque</strong></span> <span class='ocrx_word' id='word_1_286' title='bbox 1007 3345 1039 3400; x_wconf 90' lang='lat' dir='ltr'><strong>et</strong></span> <span class='ocrx_word' id='word_1_287' title='bbox 1070 3335 1125 3399; x_wconf 87' lang='lat' dir='ltr'><strong>hio</strong></span> <span class='ocrx_word' id='word_1_288' title='bbox 1157 3333 1248 3400; x_wconf 85' lang='lat' dir='ltr'><strong>allud</strong></span> 
     </span>
     <span class='ocr_line' id='line_1_31' title="bbox 99 3434 1248 3524; baseline -0.001 -22"><span class='ocrx_word' id='word_1_289' title='bbox 99 3459 207 3524; x_wconf 81' lang='lat' dir='ltr'><strong>agens</strong></span> <span class='ocrx_word' id='word_1_290' title='bbox 229 3435 377 3523; x_wconf 89' lang='lat' dir='ltr'><strong>populus.</strong></span> <span class='ocrx_word' id='word_1_291' title='bbox 422 3435 453 3500; x_wconf 86' lang='lat' dir='ltr'><strong>h.</strong></span> <span class='ocrx_word' id='word_1_292' title='bbox 481 3438 508 3517; x_wconf 92' lang='lat' dir='ltr'><strong>l,</strong></span> <span class='ocrx_word' id='word_1_293' title='bbox 532 3435 574 3499; x_wconf 91' lang='grc'><strong>89</strong></span> <span class='ocrx_word' id='word_1_294' title='bbox 600 3434 717 3520; x_wconf 86' lang='lat' dir='ltr'><strong>vulgus</strong></span> <span class='ocrx_word' id='word_1_295' title='bbox 746 3448 838 3500; x_wconf 90' lang='lat' dir='ltr'><strong>et-</strong></span> <span class='ocrx_word' id='word_1_296' title='bbox 863 3459 1014 3502; x_wconf 87' lang='lat' dir='ltr'><strong>curarum</strong></span> <span class='ocrx_word' id='word_1_297' title='bbox 1041 3458 1158 3521; x_wconf 82' lang='lat' dir='ltr'><strong>expers</strong></span> <span class='ocrx_word' id='word_1_298' title='bbox 1192 3459 1248 3522; x_wconf 93' lang='lat' dir='ltr'><strong>po·</strong></span> 
     </span>
     <span class='ocr_line' id='line_1_32' title="bbox 99 3536 1249 3626; baseline -0.001 -23"><span class='ocrx_word' id='word_1_299' title='bbox 99 3538 212 3626; x_wconf 86' lang='lat' dir='ltr'><strong>polus.</strong></span> <span class='ocrx_word' id='word_1_300' title='bbox 256 3539 337 3623; x_wconf 88' lang='lat' dir='ltr'><strong>Agr.</strong></span> <span class='ocrx_word' id='word_1_301' title='bbox 371 3538 412 3601; x_wconf 88' lang='lat'><strong>41</strong></span> <span class='ocrx_word' id='word_1_302' title='bbox 447 3537 488 3600; x_wconf 91' lang='lat' dir='ltr'><strong>de</strong></span> <span class='ocrx_word' id='word_1_303' title='bbox 520 3537 631 3602; x_wconf 92' lang='lat' dir='ltr'><strong>limine</strong></span> <span class='ocrx_word' id='word_1_304' title='bbox 648 3537 792 3623; x_wconf 83' lang='lat' dir='ltr'><strong>&#39;imperii</strong></span> <span class='ocrx_word' id='word_1_305' title='bbox 826 3548 858 3602; x_wconf 89' lang='lat' dir='ltr'><strong>et</strong></span> <span class='ocrx_word' id='word_1_306' title='bbox 890 3538 970 3624; x_wconf 89' lang='lat' dir='ltr'><strong>ripa.</strong></span> <span class='ocrx_word' id='word_1_307' title='bbox 1017 3537 1058 3603; x_wconf 79' lang='lat' dir='ltr'><strong>G.</strong></span> <span class='ocrx_word' id='word_1_308' title='bbox 1087 3538 1129 3602; x_wconf 90' lang='grc'><strong>29</strong></span> <span class='ocrx_word' id='word_1_309' title='bbox 1161 3536 1249 3602; x_wconf 83' lang='lat' dir='ltr'><strong>ultra</strong></span> 
     </span>
     <span class='ocr_line' id='line_1_33' title="bbox 98 3637 1248 3726; baseline -0.002 -20"><span class='ocrx_word' id='word_1_310' title='bbox 98 3641 255 3707; x_wconf 89' lang='lat' dir='ltr'><strong>Rhenum</strong></span> <span class='ocrx_word' id='word_1_311' title='bbox 277 3637 424 3721; x_wconf 82' lang='lat' dir='ltr'><strong>ultraque</strong></span> <span class='ocrx_word' id='word_1_312' title='bbox 446 3647 574 3703; x_wconf 88' lang='lat' dir='ltr'><strong>veteres</strong></span> <span class='ocrx_word' id='word_1_313' title='bbox 599 3640 752 3704; x_wconf 88' lang='lat' dir='ltr'><strong>terminos</strong></span> <span class='ocrx_word' id='word_1_314' title='bbox 775 3640 913 3726; x_wconf 86' lang='lat' dir='ltr'><strong>imperii.</strong></span> <span class='ocrx_word' id='word_1_315' title='bbox 957 3638 989 3702; x_wconf 94' lang='lat' dir='ltr'><strong>h.</strong></span> <span class='ocrx_word' id='word_1_316' title='bbox 1015 3641 1043 3722; x_wconf 89' lang='lat'><strong>1,</strong></span> <span class='ocrx_word' id='word_1_317' title='bbox 1066 3641 1109 3704; x_wconf 89' lang='grc'><strong>25</strong></span> <span class='ocrx_word' id='word_1_318' title='bbox 1131 3640 1248 3724; x_wconf 82' lang='lat' dir='ltr'><strong>vulgus</strong></span> 
     </span>
     <span class='ocr_line' id='line_1_34' title="bbox 99 3739 1248 3827; baseline -0.001 -19"><span class='ocrx_word' id='word_1_319' title='bbox 99 3753 132 3808; x_wconf 89' lang='lat' dir='ltr'><strong>et</strong></span> <span class='ocrx_word' id='word_1_320' title='bbox 156 3752 295 3807; x_wconf 86' lang='lat' dir='ltr'><strong>ceteros.</strong></span> <span class='ocrx_word' id='word_1_321' title='bbox 333 3741 375 3804; x_wconf 87' lang='lat'><strong>83</strong></span> <span class='ocrx_word' id='word_1_322' title='bbox 390 3739 510 3826; x_wconf 88' lang='lat' dir='ltr'><strong>vulgus</strong></span> <span class='ocrx_word' id='word_1_323' title='bbox 533 3749 566 3804; x_wconf 91' lang='lat' dir='ltr'><strong>et</strong></span> <span class='ocrx_word' id='word_1_324' title='bbox 588 3741 708 3826; x_wconf 88' lang='lat' dir='ltr'><strong>plures.</strong></span> <span class='ocrx_word' id='word_1_325' title='bbox 745 3741 786 3806; x_wconf 85' lang='lat'><strong>19</strong></span> <span class='ocrx_word' id='word_1_326' title='bbox 800 3741 900 3806; x_wconf 84' lang='lat' dir='ltr'><strong>medii</strong></span> <span class='ocrx_word' id='word_1_327' title='bbox 921 3763 960 3806; x_wconf 86' lang='lat' dir='ltr'><strong>oe</strong></span> <span class='ocrx_word' id='word_1_328' title='bbox 981 3742 1124 3827; x_wconf 91' lang='lat' dir='ltr'><strong>plurimi.</strong></span> <span class='ocrx_word' id='word_1_329' title='bbox 1162 3742 1192 3820; x_wconf 82' lang='lat'><strong>2,</strong></span> <span class='ocrx_word' id='word_1_330' title='bbox 1208 3742 1248 3807; x_wconf 91' lang='grc'><strong>87</strong></span> 
     </span>
     <span class='ocr_line' id='line_1_35' title="bbox 96 3841 1250 3928; baseline -0.004 -17"><span class='ocrx_word' id='word_1_331' title='bbox 96 3845 204 3912; x_wconf 87' lang='lat' dir='ltr'><strong>eeteri</strong></span> <span class='ocrx_word' id='word_1_332' title='bbox 236 3863 274 3907; x_wconf 83' lang='lat' dir='ltr'><strong>ao</strong></span> <span class='ocrx_word' id='word_1_333' title='bbox 307 3841 465 3927; x_wconf 82' lang='lat' dir='ltr'><strong>paulatim</strong></span> <span class='ocrx_word' id='word_1_334' title='bbox 497 3864 618 3906; x_wconf 91' lang='lat' dir='ltr'><strong>omnes.</strong></span> <span class='ocrx_word' id='word_1_335' title='bbox 662 3844 694 3924; x_wconf 91' lang='grc'><strong>4,</strong></span> <span class='ocrx_word' id='word_1_336' title='bbox 716 3843 758 3906; x_wconf 90' lang='grc'><strong>26</strong></span> <span class='ocrx_word' id='word_1_337' title='bbox 786 3865 897 3906; x_wconf 87' lang='lat' dir='ltr'><strong>amnes</strong></span> <span class='ocrx_word' id='word_1_338' title='bbox 926 3864 1054 3928; x_wconf 89' lang='lat' dir='ltr'><strong>quoque</strong></span> <span class='ocrx_word' id='word_1_339' title='bbox 1083 3855 1115 3907; x_wconf 89' lang='lat' dir='ltr'><strong>et</strong></span> <span class='ocrx_word' id='word_1_340' title='bbox 1138 3853 1250 3907; x_wconf 87' lang='lat' dir='ltr'><strong>vetera</strong></span> 
     </span>
     <span class='ocr_line' id='line_1_36' title="bbox 96 3928 1161 4033; baseline -0.005 -20"><span class='ocrx_word' id='word_1_341' title='bbox 96 3943 234 4033; x_wconf 82' lang='lat' dir='ltr'><strong>Imperii</strong></span> <span class='ocrx_word' id='word_1_342' title='bbox 256 3944 467 4009; x_wconf 89' lang='lat' dir='ltr'><strong>munimenta.</strong></span> <span class='ocrx_word' id='word_1_343' title='bbox 512 3964 587 4007; x_wconf 87' lang='lat' dir='ltr'><strong>ann.</strong></span> <span class='ocrx_word' id='word_1_344' title='bbox 611 3944 642 4023; x_wconf 93' lang='grc'><strong>2,</strong></span> <span class='ocrx_word' id='word_1_345' title='bbox 665 3944 707 4008; x_wconf 91' lang='grc'><strong>88</strong></span> <span class='ocrx_word' id='word_1_346' title='bbox 729 3928 904 4030; x_wconf 79' lang='lat' dir='ltr'><strong>scriptores</strong></span> <span class='ocrx_word' id='word_1_347' title='bbox 927 3954 1161 4028; x_wconf 80' lang='lat' dir='ltr'><strong>senatoresque.</strong></span> 
     </span>
    </p>

    <p class='ocr_par' dir='ltr' id='par_1_8' title="bbox 94 4043 1249 4537">
     <span class='ocr_line' id='line_1_37' title="bbox 189 4043 1249 4127; baseline 0 -17"><span class='ocrx_word' id='word_1_348' title='bbox 189 4045 220 4110; x_wconf 90' lang='lat'><strong>8.</strong></span> <span class='ocrx_word' id='word_1_349' title='bbox 257 4043 444 4110; x_wconf 76' lang='lat' dir='ltr'><strong>Erklttrend</strong></span> <span class='ocrx_word' id='word_1_350' title='bbox 466 4043 540 4108; x_wconf 90' lang='lat' dir='ltr'><strong>sind</strong></span> <span class='ocrx_word' id='word_1_351' title='bbox 563 4043 646 4111; x_wconf 89' lang='lat' dir='ltr'><strong>auch</strong></span> <span class='ocrx_word' id='word_1_352' title='bbox 670 4045 723 4108; x_wconf 91' lang='lat' dir='ltr'><strong>die</strong></span> <span class='ocrx_word' id='word_1_353' title='bbox 746 4047 805 4109; x_wconf 90' lang='lat' dir='ltr'><strong>mit</strong></span> <span class='ocrx_word' id='word_1_354' title='bbox 826 4051 855 4110; x_wconf 82' lang='lat' dir='ltr'><strong>et</strong></span> <span class='ocrx_word' id='word_1_355' title='bbox 869 4046 1108 4127; x_wconf 72' lang='lat' dir='ltr'><strong>verbundonenv</strong></span> <span class='ocrx_word' id='word_1_356' title='bbox 1124 4046 1249 4110; x_wconf 84' lang='lat' dir='ltr'><strong>kurzen</strong></span> 
     </span>
     <span class='ocr_line' id='line_1_38' title="bbox 98 4145 1249 4230; baseline -0.003 -15"><span class='ocrx_word' id='word_1_357' title='bbox 98 4145 398 4215; x_wconf 80' lang='lat' dir='ltr'><strong>Parenthesen:</strong></span> <span class='ocrx_word' id='word_1_358' title='bbox 436 4145 611 4210; x_wconf 89' lang='lat' dir='ltr'><strong>Vielleieht</strong></span> <span class='ocrx_word' id='word_1_359' title='bbox 651 4145 750 4211; x_wconf 85' lang='lat' dir='ltr'><strong>sehon</strong></span> <span class='ocrx_word' id='word_1_360' title='bbox 783 4146 870 4211; x_wconf 82' lang='lat' dir='ltr'><strong>Ter.</strong></span> <span class='ocrx_word' id='word_1_361' title='bbox 905 4147 989 4211; x_wconf 85' lang='lat' dir='ltr'><strong>Eun.</strong></span> <span class='ocrx_word' id='word_1_362' title='bbox 1017 4147 1048 4230; x_wconf 93' lang='grc'><strong>5,</strong></span> <span class='ocrx_word' id='word_1_363' title='bbox 1079 4147 1110 4229; x_wconf 89' lang='lat'><strong>8,</strong></span> <span class='ocrx_word' id='word_1_364' title='bbox 1137 4148 1180 4211; x_wconf 89' lang='lat'><strong>43</strong></span> <span class='ocrx_word' id='word_1_365' title='bbox 1214 4157 1249 4211; x_wconf 91' lang='lat' dir='ltr'><strong>tu</strong></span> 
     </span>
     <span class='ocr_line' id='line_1_39' title="bbox 99 4246 1249 4330; baseline -0.003 -13"><span class='ocrx_word' id='word_1_366' title='bbox 99 4248 310 4317; x_wconf 77' lang='lat' dir='ltr'><strong>herclecum</strong></span> <span class='ocrx_word' id='word_1_367' title='bbox 333 4246 390 4311; x_wconf 86' lang='lat' dir='ltr'><strong>illa</strong></span> <span class='ocrx_word' id='word_1_368' title='bbox 412 4285 452 4295; x_wconf 88' lang='lat'>-</span> <span class='ocrx_word' id='word_1_369' title='bbox 475 4256 507 4312; x_wconf 93' lang='lat' dir='ltr'><strong>et</strong></span> <span class='ocrx_word' id='word_1_370' title='bbox 535 4247 674 4312; x_wconf 88' lang='lat' dir='ltr'><strong>libenter</strong></span> <span class='ocrx_word' id='word_1_371' title='bbox 702 4247 798 4312; x_wconf 90' lang='lat' dir='ltr'><strong>vivis.</strong></span> <span class='ocrx_word' id='word_1_372' title='bbox 844 4248 921 4312; x_wconf 82' lang='lat' dir='ltr'><strong>Cic.</strong></span> <span class='ocrx_word' id='word_1_373' title='bbox 952 4249 1050 4313; x_wconf 84' lang='lat' dir='ltr'><strong>Taso.</strong></span> <span class='ocrx_word' id='word_1_374' title='bbox 1073 4250 1105 4330; x_wconf 91' lang='grc'><strong>3,</strong></span> <span class='ocrx_word' id='word_1_375' title='bbox 1128 4248 1179 4328; x_wconf 90' lang='grc'><strong>20,</strong></span> <span class='ocrx_word' id='word_1_376' title='bbox 1207 4251 1249 4314; x_wconf 92' lang='grc'><strong>48</strong></span> 
     </span>
     <span class='ocr_line' id='line_1_40' title="bbox 99 4347 1248 4436; baseline -0.001 -19"><span class='ocrx_word' id='word_1_377' title='bbox 99 4362 138 4417; x_wconf 81' lang='lat' dir='ltr'><strong>at</strong></span> <span class='ocrx_word' id='word_1_378' title='bbox 162 4350 292 4431; x_wconf 85' lang='lat' dir='ltr'><strong>laudat,</strong></span> <span class='ocrx_word' id='word_1_379' title='bbox 326 4358 358 4413; x_wconf 89' lang='lat' dir='ltr'><strong>et</strong></span> <span class='ocrx_word' id='word_1_380' title='bbox 380 4371 493 4436; x_wconf 85' lang='lat' dir='ltr'><strong>saepe,</strong></span> <span class='ocrx_word' id='word_1_381' title='bbox 524 4350 676 4415; x_wconf 82' lang='lat' dir='ltr'><strong>virtutem</strong></span> <span class='ocrx_word' id='word_1_382' title='bbox 707 4348 839 4433; x_wconf 87' lang='lat' dir='ltr'><strong>(Orelli;</strong></span> <span class='ocrx_word' id='word_1_383' title='bbox 868 4351 955 4435; x_wconf 86' lang='lat' dir='ltr'><strong>jetzt</strong></span> <span class='ocrx_word' id='word_1_384' title='bbox 976 4347 1058 4412; x_wconf 81' lang='lat' dir='ltr'><strong>fehlt</strong></span> <span class='ocrx_word' id='word_1_385' title='bbox 1079 4355 1107 4414; x_wconf 85' lang='lat' dir='ltr'><strong>et</strong></span> <span class='ocrx_word' id='word_1_386' title='bbox 1128 4352 1161 4415; x_wconf 89' lang='lat' dir='ltr'><strong>in</strong></span> <span class='ocrx_word' id='word_1_387' title='bbox 1184 4350 1248 4416; x_wconf 89' lang='lat' dir='ltr'><strong>den</strong></span> 
     </span>
     <span class='ocr_line' id='line_1_41' title="bbox 94 4449 1248 4537; baseline -0.002 -19"><span class='ocrx_word' id='word_1_388' title='bbox 94 4449 249 4536; x_wconf 70' lang='lat' dir='ltr'><strong>Ausgg.)</strong></span> <span class='ocrx_word' id='word_1_389' title='bbox 284 4450 433 4537; x_wconf 72' lang='lat' dir='ltr'><strong>thngere</strong></span> <span class='ocrx_word' id='word_1_390' title='bbox 447 4451 670 4517; x_wconf 84' lang='lat' dir='ltr'><strong>Parenthesen</strong></span> <span class='ocrx_word' id='word_1_391' title='bbox 686 4453 745 4517; x_wconf 87' lang='lat' dir='ltr'><strong>mit</strong></span> <span class='ocrx_word' id='word_1_392' title='bbox 767 4457 796 4519; x_wconf 79' lang='lat' dir='ltr'><strong>et</strong></span> <span class='ocrx_word' id='word_1_393' title='bbox 817 4451 994 4518; x_wconf 80' lang='lat' dir='ltr'><strong>besoudern</strong></span> <span class='ocrx_word' id='word_1_394' title='bbox 1019 4451 1070 4518; x_wconf 90' lang='lat' dir='ltr'><strong>bei</strong></span> <span class='ocrx_word' id='word_1_395' title='bbox 1086 4452 1248 4518; x_wconf 83' lang='lat' dir='ltr'><strong>Livius:</strong></span> 
     </span>
    </p>
   </div>
   <div class='ocr_carea' id='block_1_8' title="bbox 0 0 1480 4988">
    <p class='ocr_par' dir='ltr' id='par_1_9' title="bbox 0 0 1480 4988">
     <span class='ocr_line' id='line_1_42' title="bbox 0 0 1480 4988; baseline 0 0"><span class='ocrx_word' id='word_1_396' title='bbox 0 0 1480 4988; x_wconf 95' lang='lat' dir='ltr'><strong> </strong></span> 
     </span>
    </p>
   </div>
  </div>
 </body>
</html>
