2948 4988
533 346 763 411 -677-

45 513 223 598 Imperat.
247 513 366 578 futuri:
395 512 481 579 Eun.
506 514 567 578 106
590 515 683 600 proin
712 525 764 598 tu,
793 524 901 581 lacere
930 517 957 581 si
985 519 1037 583 vis
1061 519 1120 602 (se.
1143 522 1221 604 me),

47 634 141 679 vera
172 614 287 681 dicito.
331 614 396 681 Ad.
420 616 492 682 807.
516 616 611 680 970·

146 715 215 781 Bei
234 716 391 782 Lucrez
419 739 482 781 nur
509 720 573 782 ein
594 717 676 783 Mal:
705 720 738 801 2,
763 719 845 784 1042
868 720 895 784 si
918 719 979 785 tibi
1002 743 1082 787 vera
1104 721 1219 788 viden·

51 826 129 900 tur,
161 819 249 884 dede
271 840 404 901 manns,
428 829 485 883 aut
507 822 534 884 si
557 819 677 885 salsum
700 831 764 898 est,
788 823 959 907 accingere
981 810 1105 889 centra.

144 920 234 986 Cic.
256 944 288 1008 p.
312 919 441 989 Cluent.
469 920 510 985 23
544 923 705 1007 redargue
739 944 805 1006 me,
838 925 866 988 si
898 927 1048 990 mentior.
1103 925 1219 992 Oefter

51 1019 115 1083 mit
143 1022 228 1088 dem
250 1023 406 1109 Imperat.
430 1022 548 1089 futuri:
573 1046 604 1111 p.
628 1023 724 1088 Osee.
747 1027 777 1105 ξ.
794 1025 837 1089 60
859 1026 885 1089 si
909 1024 1083 1092 valent-
1107 1028 1219 1093 dicitu.

53 1118 96 1183 de
119 1145 200 1190 sen.
224 1127 255 1206 §-
278 1125 318 1190 81
347 1124 376 1188 si
404 1135 481 1191 sunt
503 1163 543 1173 —
571 1125 710 1192 culitote.
755 1148 823 1213 rep.
845 1128 875 1210 6,
902 1127 941 1193 19
968 1129 996 1192 si
1026 1127 1087 1194 tibi
1115 1150 1220 1215 parva

55 1220 201 1291 videtur
225 1265 262 1275 —
288 1235 445 1314 spectato.
488 1226 582 1292 Nach
603 1229 633 1293 ai
653 1249 702 1293 me
723 1249 815 1294 amus
836 1229 947 1294 finden
970 1229 1038 1295 sich
1062 1229 1219 1316 folgendc

56 1318 287 1410 Imperauve:
316 1327 395 1394 fam.
420 1328 469 1409 16,
495 1331 522 1410 1,
545 1329 566 1394 2
587 1329 709 1405 videto.
753 1332 825 1395 Att.
847 1332 878 1415 2,
900 1331 954 1415 20,
983 1334 1004 1396 5
1032 1332 1143 1399 facito.
1171 1334 1217 1412 ⁰5,

60 1422 111 1506 14,
142 1430 163 1493 1
186 1441 400 1496 commovete.
445 1429 604 1496 Aehnlich
628 1431 687 1497 ist:
709 1433 786 1496 fam.
810 1433 840 1515 3,
863 1432 894 1514 9,
917 1433 938 1497 2
966 1435 995 1498 si
1022 1456 1074 1499 me
1096 1436 1217 1521 diligis,

58 1522 84 1586 si
111 1548 136 1591 a
168 1554 220 1598 me
249 1530 346 1618 diligi
374 1532 425 1598 vis
449 1568 488 1580 -
516 1533 647 1598 mittito.
670 1556 702 1619 p.
725 1533 797 1599 Mil.
819 1535 861 1599 33
890 1537 1047 1618 excitate,
1077 1538 1219 1603 excitate

61 1644 160 1714 eum,
182 1634 213 1699 si
234 1635 389 1721 potestis,
413 1633 455 1699 ab
477 1635 601 1700 inieris.
624 1672 665 1684 -
688 1635 797 1701 Caes.
820 1636 852 1702 b.
868 1658 901 1722 g.
917 1638 949 1721 4,
964 1638 1007 1704 25
1029 1637 1155 1702 desilitc
1177 1677 1218 1688 -

60 1725 127 1795 nisi
151 1736 255 1803 vultis
277 1735 422 1823 aquilam
443 1735 591 1802 hostibus
614 1737 762 1824 prodere.

183 1906 222 1972 B.
252 1907 331 1973 Der
353 1906 715 1993 Bedingungssatz
738 1909 846 1974 steht
867 1910 918 1974 im
940 1909 1113 2007 Perfeci.

10 2066 12 2081 ¹
148 2063 180 2106 a
202 2042 335 2107 Persect
357 2042 401 2105 im
423 2042 577 2129 Haupt·
599 2043 667 2108 und
690 2043 938 2110 Nebensatz:
972 2037 1101 2114 Plaut.
1125 2046 1217 2113 Trin.

65 2129 126 2201 308
162 2145 191 2209 si
219 2145 346 2210 animus
377 2144 538 2209 hominem
566 2145 707 2232 pepulit,
741 2155 850 2212 actum
878 2156 938 2211 est.
982 2148 1074 2217 Asin.
1097 2149 1160 2213 942
1190 2150 1218 2215 si

67 2239 146 2319 quid
168 2244 252 2313 clam
275 2267 412 2311 uxorem
435 2268 494 2312 suo
516 2249 624 2313 animo
646 2247 727 2313 fecit
748 2247 864 2336 volup,
893 2270 1000 2334 neque
1021 2271 1141 2314 novom
1164 2273 1218 2316 ne·

67 2355 127 2420 1110
149 2348 271 2413 mirum
293 2347 382 2413 fecit.
426 2348 511 2413 Ter.
535 2348 655 2414 Heaut.
672 2350 733 2415 631
750 2351 780 2414 si
801 2351 952 2436 peccavi,
975 2350 1118 2417 insciens
1140 2351 1215 2419 feci.

70 2433 147 2508 flec.
170 2449 234 2515 709
263 2471 329 2514 non
357 2448 477 2512 mirum
504 2448 582 2515 fecit
603 2489 645 2498 -
667 2453 696 2516 si
711 2452 785 2516 'hoc
808 2473 905 2536 aegre
934 2451 1020 2518 tulit.
1065 2453 1130 2518 Ad.
1157 2454 1217 2519 103

10 2624 12 2637 Ι
72 2534 149 2613 haec
172 2553 202 2616 si
223 2572 330 2637 neque
351 2561 387 2617 tu
409 2572 514 2638 neque
536 2573 596 2637 ego
618 2552 772 2636 fecimus,
796 2574 859 2618 non
883 2554 940 2618 siit
955 2564 1084 2638 egestas
1107 2554 1218 2620 facere

10 2654 13 2735 l
72 2659 134 2716 ¹¹0⁸.
178 2652 240 2718 Bei
261 2652 415 2718 Luerez
438 2676 500 2718 nur
521 2653 574 2718 ein
596 2654 680 2719 Mal:
703 2655 733 2738 5,
756 2655 820 2719 324
847 2656 874 2719 si
897 2655 988 2720 nulla
1010 2656 1074 2721 fuit
1097 2694 1136 2703 -
1160 2678 1219 2721 cur

10 2762 12 2833 ζ
75 2761 133 2812 ¹¹⁰ss
154 2752 328 2821 cecinere?
363 2755 531 2840 Dagegen
553 2759 613 2820 mit
629 2755 753 2843 Ellipse
776 2756 833 2820 des
849 2756 1013 2822 Verbums
1029 2759 1073 2823 im
1088 2757 1217 2822 Neben-

10 2848 17 2933 [⁹
75 2856 174 2920 ltine:
208 2858 237 2935 l,
262 2856 323 2921 199
354 2878 412 2922 cur
439 2857 586 2922 homines
613 2868 722 2923 tantos
744 2867 861 2922 natura
882 2880 999 2945 parare
1021 2881 1086 2924 non
1108 2861 1215 2945 potuit

76 2957 107 2993 '-
128 2957 158 3021 si
186 2980 269 3039 non,
296 2958 375 3045 quia
397 2967 453 3023 ctt.
478 2998 517 3007 —
541 2959 621 3025 Cic.
645 2958 728 3027 Phil.
751 2960 783 3040 2,
806 2960 847 3025 36
876 2960 981 3025 funeri
1008 2963 1156 3048 tyranni,
1185 2961 1214 3026 si

74 3039 200 3128 (avenn
220 3059 382 3144 anders“)
417 3059 499 3125 illud
521 3060 618 3125 funus
641 3061 718 3144 fuit,
752 3060 1001 3126 sceleratissime
1029 3063 1213 3147 praefuisti.

75 3140 152 3257 llum
175 3161 275 3227 Sinne
297 3161 380 3228 nach
408 3161 525 3247 gehdrt
552 3162 635 3228 auch
663 3163 809 3228 hierher:
839 3184 905 3250 rep.
930 3165 957 3243 1,
981 3164 1021 3229 27
1053 3167 1081 3230 si
1109 3165 1217 3253 Cyrus

75 3242 118 3314 ἨΘ
143 3258 261 3329 Perses
282 3263 483 3328 iustissimus
505 3263 570 3330 fuit
590 3287 665 3348 rex,
694 3275 803 3330 tamen
830 3265 908 3330 mihi
939 3265 1051 3355 populi
1081 3288 1131 3330 res
1153 3288 1218 3332 non

74 3360 209 3429 maxims
224 3365 410 3452 expetenda
424 3367 526 3431 fuisse
541 3365 598 3431 illa
612 3367 744 3434 videtur
758 3366 815 3455 (=
830 3368 1016 3454 expetenda
1030 3369 1120 3450 fuit),
1141 3390 1215 3433 cum

74 3466 235 3537 “terum
255 3469 353 3534 unius
375 3476 467 3532 nutu.
513 3469 604 3532 Brut.
620 3471 650 3552 2,
667 3469 685 3532 'i
703 3468 791 3555 quud
814 3471 842 3534 si
864 3470 928 3534 fuit
943 3471 978 3534 in
992 3492 1061 3556 rep.
1085 3478 1214 3556 tempus

74 3547 189 3653 ullum,
210 3591 286 3635 cum
311 3609 346 3618 -
377 3580 446 3636 tum
469 3570 614 3657 profecto
636 3571 715 3648 fuit,
744 3592 818 3635 cum
840 3581 896 3636 ctt.
941 3573 1012 3636 Au.
1035 3572 1065 3654 4,
1088 3571 1161 3656 2,2
1189 3572 1217 3635 si

73 3666 210 3746 ull(luunt
238 3671 272 3735 in
300 3670 440 3737 dicendo
468 3671 590 3736 fuimus
619 3671 744 3758 aliquid
766 3673 957 3753 autetiam,
991 3673 1018 3737 si
1051 3694 1216 3759 nunquam

73 3750 151 3830 ⁸¹3⁰ss
173 3772 311 3856 fuimus,
334 3782 403 3838 tum
426 3773 573 3861 profecto
599 3813 634 3820 —
660 3774 761 3839 dedit.
809 3776 857 3854 ll,
882 3775 967 3859 13,4
988 3775 1016 3837 si
1040 3772 1215 3838 habuimus

73 3884 105 3901 “
125 3867 312 3940 detulimus.
355 3874 442 3940 Liv.
468 3877 495 3958 1,
518 3875 571 3951 28,
592 3876 624 3939 4.
1199 3947 1205 3955 ,

157 3977 186 4041 b.
207 3977 374 4042 Perfeci
406 3979 452 4043 im
480 3977 684 4060 Nebensatz,
718 3977 913 4041 Praesens
945 3977 989 4039 im
1011 3976 1215 4061 Hauptsatz:

73 4046 193 4143 Pu„
214 4079 304 4145 urin.
320 4079 385 4143 310
399 4080 428 4143 si
442 4081 585 4144 animum
602 4079 709 4143 vicisti
728 4116 765 4126 -
782 4086 832 4142 ee
846 4077 932 4164 quod
946 4077 1101 4163 gaudeas.
1140 4077 1213 4142 507.

75 4150 276 4245 1128.1166.
321 4181 418 4245 Trnc.
440 4182 471 4246 5.
487 4183 554 4246 ui
578 4183 605 4245 si
629 4181 706 4267 quid
730 4181 864 4267 peccavi
887 4180 992 4265 prius,
1016 4179 1213 4266 supplicium

76 4258 109 4372 “fl
130 4279 166 4342 ts
184 4279 267 4347 hanc
288 4283 410 4347 minam
432 4281 502 4347 fero
525 4285 613 4365 auri,
637 4286 664 4347 si
686 4282 765 4347 mihi
787 4282 883 4348 rides.
929 4279 1013 4345 Ter.
1030 4280 1135 4344 Andr.
1153 4281 1215 4345 192

77 4372 101 4420 ⁸¹
129 4381 199 4465 quis
227 4385 420 4469 magistrum
451 4385 537 4470 cepit
564 4423 605 4435 -
633 4384 833 4471 improbum,
865 4383 970 4469 ipsum
998 4384 1142 4447 animum
1171 4381 1213 4446 ad

10 4514 15 4609 p
79 4453 405 4572 dlteriore1npurtem
433 4485 587 4573 adplicat.
631 4487 704 4552 504.
727 4485 791 4552 572
818 4483 886 4549 und
914 4484 1015 4568 diter,
1045 4507 1069 4548 s.
1093 4483 1213 4568 Liebig
