2948 4988
654 276 880 341 -481-

174 444 318 510 fectum
340 456 374 511 et
395 444 446 517 cui
469 445 549 510 nihil
572 445 745 510 admodum
769 410 862 515 desit.
892 446 975 511 Liv.
991 447 1020 526 6,
1043 447 1095 528 34,
1121 447 1155 510 ll
1182 445 1333 511 adhibito

169 546 225 612 L.
252 547 381 630 Sextio,
406 556 538 612 strenuo
560 546 768 613 adulescente
791 559 824 614 et
846 549 939 612 cuius
961 549 1029 636 spei
1051 547 1132 612 nihil
1145 587 1184 595 —
1197 548 1334 613 deesset.

167 649 215 727 6,
240 648 299 731 35,
323 649 344 714 5
365 658 483 714 cuncta
504 651 651 736 ingentia
673 660 705 714 et
727 672 809 737 quae
832 651 904 714 sine
926 650 1104 715 certamine
1118 651 1262 714 maximo
1277 651 1334 715 ob·

165 750 291 816 tineri
314 772 380 814 non
402 762 545 836 possent.
587 752 684 836 frgm.
707 750 825 816 sobet
849 751 1100 819 Weissenborn:
1124 752 1176 815 vir
1198 772 1334 836 magnus

163 874 225 918 ac
251 851 476 917 memorabilis
498 853 563 917 tuit
585 862 618 916 et
640 855 673 917 in
696 854 788 916 cuins
805 851 918 918 laudes
934 855 1161 940 exsequendas
1178 853 1336 919 Cicerone

167 953 366 1022 laudatore
389 976 470 1041 opus
494 954 601 1019 luerit.
619 993 659 1002 -
675 953 753 1018 Und
776 977 812 1018 so
827 955 910 1020 noch
926 956 968 1019 im
986 955 1184 1042 Sphtlatein:
1208 954 1334 1041 Spart.

161 1054 297 1122 Hadr.
326 1055 348 1119 4
380 1056 519 1120 inimicis
552 1057 621 1119 suis
655 1065 688 1119 et
719 1079 800 1143 quos
837 1067 950 1141 postea
979 1058 1049 1143 ipse
1079 1059 1244 1121 insecutus
1274 1065 1334 1120 est.

161 1157 324 1243 Capit.
348 1160 425 1222 Ant.
452 1158 528 1222 Pius
555 1157 569 1220 1
595 1157 689 1222 homo
713 1168 841 1222 sanctus
865 1169 897 1222 et
920 1159 975 1245 qui
998 1157 1141 1222 Nervam
1164 1159 1335 1222 miseratus

159 1267 288 1328 esset.
321 1259 399 1323 Aut.
425 1259 481 1322 Ph.
509 1264 520 1322 1
548 1259 690 1324 inomni
715 1260 783 1324 vita
805 1259 1045 1348 philosophanti
1072 1262 1141 1326 viro
1165 1269 1197 1323 et
1219 1261 1273 1345 qui
1291 1296 1330 1305 --

159 1359 370 1432 antecellit.
1184 1410 1188 1419 ·

276 1463 308 1526 2.
332 1463 390 1527 Bei
414 1460 622 1547 logischer
644 1462 963 1548 Unterordnung
988 1463 1091 1549 hangt
1112 1464 1165 1528 ein
1188 1462 1333 1528 Relativ-

166 1578 264 1636 sata
287 1587 353 1629 von
376 1564 479 1628 einern
503 1563 647 1628 anderen
669 1564 720 1642 ab,
743 1565 941 1629 namentlieh
962 1564 1043 1649 also,
1067 1587 1159 1629 wenn
1176 1564 1234 1630 der
1249 1572 1334 1630 erste

166 1666 286 1734 einen
317 1665 610 1750 allgemeincn,
639 1665 698 1729 der
726 1669 840 1730 aweite
869 1668 963 1732 einen
986 1666 1257 1754 speciellereu
1281 1666 1334 1730 In·

167 1765 263 1840 halt
285 1767 359 1831 hat:
389 1767 467 1833 Cic.
491 1765 585 1830 Verr.
608 1768 638 1847 4,
661 1768 693 1850 2,
715 1769 737 1831 4
760 1768 955 1855 Cupidinem
978 1769 1058 1832 fecit
1079 1768 1183 1851 illum,
1206 1768 1262 1855 qui
1285 1777 1335 1833 est

168 1863 360 1955 Thespiis,
395 1879 527 1956 propter
560 1889 656 1955 quem
692 1868 854 1955 Thespiae
891 1872 1053 1935 visuntur.
1098 1869 1217 1934 Catil.
1246 1870 1284 1951 4,
1313 1869 1333 1934 8

173 1989 307 2040 servus
329 1980 379 2035 est
392 1992 500 2051 nemo,
524 1971 580 2056 qui
601 1971 697 2034 modo
714 1969 875 2049 tolerabili
891 1972 1082 2037 condicione
1097 1974 1140 2036 sit
1155 1971 1333 2054 servitutis,

174 2069 340 2159 quinon
367 2072 538 2137 andaciam
570 2110 605 2118 —
635 2072 868 2160 perhorrescat.
913 2075 947 2138 in
975 2073 1096 2139 Caecil.
1127 2075 1160 2155 l,
1188 2073 1230 2150 22
1258 2083 1334 2138 sunt

176 2170 294 2236 multa
314 2196 398 2259 quae
418 2172 540 2237 Verres
563 2173 597 2236 in
619 2195 670 2237 me
692 2196 763 2238 esse
786 2174 975 2258 arbitratur,
998 2198 1082 2261 quae
1105 2177 1168 2239 scit
1189 2175 1222 2238 in
1246 2185 1278 2239 te
1296 2213 1333 2222 -

180 2290 262 2334 non
281 2296 361 2339 esse.
406 2274 483 2339 fam.
510 2277 541 2357 l,
563 2274 600 2357 8,
624 2276 643 2338 6
670 2274 791 2339 nullam
814 2298 881 2340 rem
905 2299 976 2340 csse
998 2276 1162 2341 minimam
1185 2297 1268 2363 quae
1290 2274 1333 2339 ad

183 2380 230 2432 te
251 2377 419 2459 pertineat,
441 2397 524 2463 quae
547 2376 628 2440 mihi
643 2399 707 2439 non
723 2378 830 2443 carior
845 2380 888 2444 sit
910 2401 1006 2465 quam
1030 2401 1121 2443 meae
1142 2401 1193 2442 res
1210 2399 1333 2442 omnes.

185 2467 290 2541 Tusc.
307 2481 336 2559 1,
358 2478 410 2560 25,
433 2478 483 2545 62.
512 2480 543 2559 5,
566 2479 597 2560 5,
623 2480 671 2542 12.
700 2482 730 2560 ἕ.
747 2479 788 2543 64
804 2502 833 2548 u.
850 2480 900 2544 66.
934 2479 1024 2544 Lael.
1049 2480 1079 2563 8,
1103 2479 1153 2542 2Ί.
1189 2480 1232 2561 Q.
1255 2479 1332 2544 Cic.

108 2562 114 2587 ’
188 2580 259 2649 Pet·
280 2600 365 2643 cons.
383 2582 414 2662 7,
437 2580 477 2642 27
500 2601 595 2645 nemo
619 2581 688 2663 erit,
712 2583 745 2644 in
769 2604 831 2668 quo
855 2581 952 2647 modo
968 2581 1090 2667 aliquid
1115 2584 1168 2665 sit,
1192 2583 1248 2668 qui
1271 2583 1332 2645 hoc

189 2675 320 2764 tempus
343 2719 383 2729 -
406 2684 654 2768 praetermittat.

278 2781 315 2846 ln
343 2782 637 2867 umgekehrter
664 2783 845 2869 Satzfolge:
884 2785 980 2849 Tusc.
1004 2785 1039 2868 2,
1069 2786 1110 2848 26
1139 2784 1226 2871 apud
1250 2807 1331 2871 quos

195 2883 302 2946 auteru
323 2885 467 2949 venandi
489 2894 522 2948 et
544 2886 711 2971 equitandi
735 2885 805 2950 laus
829 2888 936 2971 viget,
965 2888 1020 2973 qui
1048 2887 1131 2950 hanc
1154 2896 1331 2972 petessunt,

198 2973 316 3050 nullum
354 2987 488 3070 fugiunt
520 2986 674 3051 dolorem.
731 3011 761 3073 p.
802 2988 898 3053 domo
923 2989 962 3052 19
995 2989 1086 3052 cuius
1119 2987 1200 3073 legis
1233 3010 1332 3076 quam

200 3077 329 3174 quisque
351 3097 477 3174 partem
500 3089 609 3171 tetigit
636 3087 742 3173 digito
768 3128 815 3172 —,
838 3113 1029 3176 quocunque
1052 3089 1157 3170 venit,
1180 3090 1330 3176 repudia·
1406 3095 1412 3109 “

108 3253 111 3261 ,
201 3177 247 3240 tus
270 3191 499 3275 convictusque
522 3189 682 3254 discessit.
726 3189 835 3256 deor.
859 3191 895 3273 2,
918 3192 959 3254 22
987 3213 1082 3276 quem
1106 3190 1273 3277 probabit,
1297 3191 1331 3254 iu

108 3334 116 3341 -
205 3293 249 3361 ⁰⁰,
283 3313 362 3377 quae
388 3292 533 3356 maxime
556 3290 730 3372 excellent,
763 3315 802 3357 ea
830 3292 1077 3378 diligentissime
1104 3304 1330 3380 persequatur.
1397 3374 1400 3379 ⁶

208 3371 273 3451 l⁸¹1¹·
294 3394 328 3476 2,
349 3395 384 3477 4,
406 3393 428 3455 2
455 3395 484 3457 si
506 3394 566 3458 hoc
590 3394 755 3476 statueris,
783 3416 919 3480 quarum
948 3395 1078 3458 laudum
1107 3393 1243 3480 gloriam
1273 3394 1329 3459 ad-

108 3526 121 3566 3
211 3493 325 3574 maris,
352 3495 472 3583 quibus
500 3494 627 3559 artibus
657 3516 715 3559 eae
737 3495 849 3560 laudes
874 3508 1115 3582 comparantur,
1141 3498 1235 3561 iniis
1259 3518 1330 3560 esse

213 3576 433 3661 eltborandum.
488 3594 696 3682 Nb'gelsbach
729 3603 759 3680 ξ.
798 3599 855 3663 157
888 3597 1068 3662 tibersetzt:
1105 3622 1221 3681 „wenn
1256 3619 1329 3661 man

215 3689 281 3755 ¹¹⁸0b
305 3698 374 3763 dem
398 3697 526 3762 Rnhme
554 3699 708 3782 gewisser
730 3697 926 3764 Verdienste
954 3702 1056 3785 geizt,
1085 3724 1120 3765 so
1143 3723 1231 3763 muss
1254 3721 1330 3762 man

219 3780 272 3852 'leb
293 3820 341 3862 tun
369 3799 424 3864 die
450 3797 559 3863 Mittel
585 3798 761 3881 bemiihen,
792 3824 855 3866 von
885 3801 1028 3870 wclchcn
1057 3801 1165 3865 solche
1192 3800 1330 3884 bedingt

108 3930 121 3973 ,-,
182 3960 188 3971 ,
222 3883 303 3969 tint.
322 3937 360 3948 -
385 3899 428 3966 so
459 3902 502 3964 tm
532 3899 705 3967 officiatus
735 3901 811 3967 su:
846 3903 928 3967 mv.
951 3904 1006 3985 23,
1032 3906 1084 3982 14,
1108 3904 1128 3966 3
1151 3901 1328 3988 edixitque,

108 4026 119 4053 ε
224 3990 348 4073 qui-m
372 4001 512 4067 vinculis
535 4013 660 4086 essent,
684 4004 739 4089 qui
762 4025 872 4067 eorum
895 4003 981 4091 apud
1006 4027 1040 4068 sc
1062 4003 1180 4068 milites
1203 4002 1327 4082 fierent,

108 4128 114 4141 ’
225 4106 262 4157 0⁰⁸
282 4125 401 4168 -sese
424 4103 552 4168 exsolvi
579 4105 740 4168 iussurum
769 4104 996 4193 („diejenigen
1024 4104 1082 4168 der
1105 4104 1327 4183 Ver-husteten,

108 4224 124 4262 ε
224 4192 313 4269 ttlcbe
339 4203 495 4272 Soldaten
524 4205 653 4269 werden
682 4204 828 4287 wollten,
858 4206 973 4271 sollten
1001 4206 1120 4272 bcfreit
1148 4206 1327 4289 wc1·deu“).

127 4298 135 4309 “
222 4294 308 4369 (toan
328 4304 579 4394 entsprechend:
613 4308 672 4390 38,
700 4311 752 4386 ll,
776 4308 796 4372 9
824 4331 907 4393 quae
936 4310 1049 4387 urbes,
1078 4309 1131 4394 qui
1155 4308 1242 4392 agri,
1272 4307 1328 4393 qui

216 4401 334 4473 homiues
361 4409 552 4475 Aetolorum
582 4410 660 4474 iuris
690 4408 864 4497 aliquando
894 4411 1040 4493 suerunt,
1070 4410 1124 4502 qui
1154 4429 1263 4473 eorum
1288 4445 1327 4463 η
