2924 4994
610 266 841 330 -166-

153 443 189 483 eo
212 419 253 484 de
275 442 321 484 or.
344 420 375 502 2,
402 420 440 482 10
462 430 530 483 tum
559 420 737 483 Antonius:
767 417 835 482 hori
864 418 966 497 enim,
994 417 1112 504 inquit,
1134 416 1197 483 hoc
1216 417 1272 483 mit

23 544 29 555 ¹
153 544 385 608 proposueram
407 531 444 584 ut
465 531 521 585 ott.
567 518 643 586 Und
666 520 700 584 in
723 519 911 584 demselben
928 520 1027 584 Sinna
1050 521 1103 585 bei
1126 519 1266 602 Quinti

153 628 185 705 6,
207 626 237 704 3,
260 624 301 688 63
324 634 359 687 tu
383 624 479 706 onim,
502 623 622 710 inquit,
647 642 711 685 non
734 621 828 685 times
851 643 892 685 nc
915 619 1022 686 loouru
1044 619 1174 706 perdas.
1202 624 1232 703 ξ.
1255 622 1272 686 7

154 725 224 788 dies
249 725 346 804 enim,
369 724 484 810 inquit,
508 723 668 808 longiores
692 733 778 787 sunt.

239 826 299 889 Oft
320 827 399 890 aber
421 827 465 889 iet
486 829 585 907 carim,
613 846 710 887 wonn
738 845 772 886 os
800 824 853 888 bei
883 824 946 888 deu
970 824 1156 889 Komikorn
1183 825 1218 889 in
1239 823 1272 889 dc

155 929 308 993 Antwort
330 926 427 1009 steht,
450 949 513 990 nur
535 925 711 991 erklurend
738 924 938 1008 ,‚nttmlioh“‚
963 949 991 989 z.
1015 926 1054 990 B.
1080 925 1208 991 Plaut.
1229 927 1270 991 mi

153 1028 216 1092 429
235 1028 312 1113 quid
336 1028 479 1093 metuis?
512 1028 584 1093 SC.
608 1028 705 1091 Enim
738 1050 779 1090 no
813 1050 871 1092 nos
902 1039 1028 1093 nosmet
1050 1026 1272 1114 perdiderimu:

155 1129 272 1194 Bacch.
297 1131 358 1194 702
387 1152 473 1193 nunc
501 1129 580 1217 quid
610 1151 668 1192 uos
696 1129 746 1192 vis
774 1129 905 1194 facere?
935 1128 1018 1194 CH.
1042 1128 1143 1194 Enim
1165 1127 1213 1193 nil
1234 1131 1272 1194 uir

154 1242 190 1296 ut
212 1233 327 1296 ametis
351 1232 483 1316 impero.
529 1230 615 1294 Ter.
643 1231 724 1295 Hoc.
746 1232 776 1310 5,
799 1231 830 1313 4,
856 1231 894 1295 10
915 1242 950 1295 at
977 1252 1037 1316 ogo
1060 1230 1140 1295 scio.
1185 1230 1272 1312 Quid

85 1344 90 1351 “
155 1333 244 1398 Nihil
269 1333 363 1396 enim.
409 1332 473 1396 Ad.
496 1333 527 1412 4,
551 1334 579 1410 7,
605 1332 644 1394 12
677 1331 755 1417 quid
790 1354 875 1396 nunc
908 1331 1111 1397 futurumst?
1148 1331 1188 1396 Id
1212 1333 1272 1396 onir

155 1435 241 1521 quod
263 1456 314 1498 res
348 1435 419 1521 ipsa
453 1434 526 1497 fert.
570 1434 702 1497 Phorm.
724 1434 753 1511 4,
776 1434 806 1515 4,
833 1435 871 1498 13
904 1433 984 1520 quid
1006 1433 1087 1498 fiet?
1114 1433 1190 1497 Non
1212 1433 1272 1497 enit

155 1535 264 1600 ducet.
292 1536 403 1600 Dahin
425 1535 541 1620 gehort
562 1535 646 1599 auch
669 1536 726 1612 die
743 1535 779 1599 iu
802 1532 860 1599 der
876 1537 1027 1599 Antwort
1042 1533 1272 1599 vorkommenc'

154 1637 285 1703 Formel
308 1639 412 1702 dicam
433 1638 534 1701 enirn:
556 1636 663 1700 Plaut.
687 1637 762 1701 Cas.
786 1637 817 1720 2,
839 1637 869 1716 6,
892 1636 943 1704 20.
966 1636 1115 1709 mitam
1136 1659 1197 1722 ego
1213 1636 1271 1701 eni·

154 1739 260 1802 dicam
284 1747 362 1801 tum.
408 1739 503 1802 Most.
526 1739 588 1802 888
611 1739 697 1803 eninr
719 1738 837 1803 dicam.
882 1736 958 1822 Vgl.
982 1737 1066 1802 auch
1088 1737 1143 1803 die
1159 1736 1272 1804 Verbi!

156 1838 288 1924 dungen
306 1850 411 1904 ⁴unter
438 1840 497 1904 Nr.
519 1840 551 1902 4.
576 1878 616 1888 -
638 1839 734 1903 Bloes
763 1837 939 1903 erkltrend
959 1838 1027 1903 und
1050 1840 1152 1904 ohne
1173 1838 1272 1926 Ettip·

155 1942 199 2005 iet
220 1940 302 2005 auch
326 1942 380 2006 dic
396 1931 547 2006 Antwort
563 1940 615 2004 bei
639 1942 719 2005 Cic.
743 1941 833 2005 Brut.
856 1941 899 2003 24
921 1961 981 2004 ncc
1003 1943 1088 2023 enirn
1109 1951 1161 2006 eat
1175 1940 1272 2006 cadet

155 2044 299 2130 iuquam,
323 2043 433 2126 Brute,
456 2064 565 2107 cauea.
1138 2044 1142 2050 ’

240 2144 517 2210 Unverstttndlich
547 2145 592 2208 ist
614 2146 697 2210 enim
726 2145 770 2207 im
793 2143 947 2229 Aufenge
975 2145 1072 2226 eines*
1088 2143 1258 2210 Briefesd

156 2248 302 2312 Curius
338 2249 392 2312 bei
424 2246 493 2311 Cic.
529 2245 606 2310 fam.
637 2247 665 2321 7,
693 2245 734 2309 29
763 2268 834 2309 eum
863 2246 948 2309 onim
976 2247 1095 2331 χρήσει
1121 2245 1186 2330 μὲν
1213 2257 1272 2311 tau

156 2348 271 2431 κτήσει
293 2347 330 2414 δὲ
353 2350 457 2413 Attici
484 2349 597 2413 nostri.
645 2346 927 2412 Wahrecheintich
954 2348 999 2412 ist
1021 2370 1063 2411 au
1085 2346 1233 2414 denkeu:
1253 2371 1272 2408 ι

155 2449 229 2513 hast
251 2449 365 2532 Recht,
389 2450 485 2514 donn.

241 2553 277 2637 b)
314 2550 566 2615 Auseerhalb
600 2549 668 2614 dee
702 2550 873 2635 Dialogs
907 2549 1010 2614 findet
1037 2552 1107 2615 eich
1131 2553 1183 2616 ein
1206 2548 1272 2616 ellfi

155 2654 275 2718 tischee
298 2656 381 2718 caim
404 2652 495 2717 nicht
517 2653 637 2737 hautig,
662 2673 714 2714 arn
737 2653 874 2715 meisten
902 2653 984 2717 noch
1009 2653 1041 2716 in
1063 2652 1188 2718 Redeo.
1232 2653 1272 2717 ΙΙ

155 2755 212 2819 hin
234 2756 350 2838 gehort
372 2755 450 2818 aber
465 2755 555 2818 nioht
577 2756 631 2817 die
654 2752 852 2818 rhetorisehe
867 2753 1014 2819 Formol:
1038 2756 1117 2836 quid
1129 2757 1221 2837 enim,
1241 2773 1272 2817 ε

156 2857 280 2922 welche
302 2859 500 2920 einozweite
515 2858 623 2941 Frage
639 2856 733 2940 folgt,
756 2854 841 2919 denn
866 2857 934 2918 hier
956 2855 1085 2920 besteht
1105 2856 1160 2920 dio
1176 2855 1272 2943 Ettig

156 2981 219 3022 nur
240 2960 275 3023 in
304 2957 378 3020 dem
405 2956 579 3021 fehlenden
603 2957 745 3021 Verbum
776 2956 834 3020 des
864 2967 971 3021 ersten
994 2957 1227 3043 Fragesatzes‚

155 3057 224 3123 also
247 3061 291 3123 im
305 3058 442 3124 Grande
464 3059 570 3123 nichts
587 3058 801 3136 Besonderes‚
828 3057 870 3122 da
893 3058 1042 3123 vorher
1064 3059 1171 3123 nichte
1188 3081 1227 3122 au

137 3166 283 3246 ⁴gttnzen
307 3162 364 3225 iat:
390 3159 465 3224 Cio.
489 3159 543 3223 fin.
567 3161 597 3241 2,
626 3161 669 3223 22
696 3159 775 3247 quid
803 3158 913 3224 onim?
941 3161 1101 3227 fortemne
1128 3178 1272 3247 possum·

157 3262 266 3325 dicere
289 3301 329 3309 —
358 3262 583 3348 Torquatum?
605 3264 646 3326 28
670 3262 749 3349 quid
774 3262 884 3327 enirn?
906 3285 1051 3327 summus
1074 3261 1166 3327 dolor
1192 3259 1272 3348 plu.

157 3364 228 3428 dies
240 3386 370 3428 manere
386 3387 449 3429 non
464 3364 593 3450 potest?
615 3363 701 3426 Vide
716 3386 757 3428 ne
774 3365 870 3427 etiam
886 3387 1022 3428 menses.
1046 3367 1124 3428 fam.
1140 3366 1171 3443 5,
1199 3364 1244 3444 15,

160 3465 253 3530 Hor.
278 3475 338 3529 eat.
364 3467 392 3548 1,
422 3469 446 3545 1,
470 3467 488 3529 7
512 3465 592 3552 quid
614 3465 725 3529 euim?
748 3469 960 3530 concurritur.

247 3567 405 3651 Dagcgen
428 3569 471 3631 ist
494 3569 566 3631 eine
581 3566 718 3652 Etlipee,
743 3569 803 3631 wie
826 3569 859 3630 in
875 3568 933 3634 Nr.
956 3589 984 3649 a,
1008 3591 1049 3630 zu
1073 3561 1272 3633 statutrenl

159 3671 239 3735 Cio.
263 3670 358 3734 Verr.
381 3668 428 3747 ΙΙ,
455 3671 469 3731 l
495 3672 525 3750 ξ.
541 3670 583 3733 25
597 3691 729 3732 causam
746 3669 841 3752 enirn,
865 3669 981 3755 inquit,
1004 3674 1159 3752 cognosci
1173 3687 1272 3756 opor

159 3772 267 3854 (Sinnt
293 3771 359 3853 „du
380 3781 483 3834 musst
505 3769 581 3833 dich
597 3769 797 3855 vollstttndig
811 3770 1038 3856 arrssprechem
1063 3770 1181 3835 denn“.
1210 3768 1272 3836 Αἱ

158 3874 217 3937 das
233 3871 400 3956 Ergttnzte
422 3870 502 3955 liegt
524 3872 567 3935 im
584 3872 729 3955 Vorigen
753 3872 943 3958 euthalten).
974 3875 1004 3951 4,
1031 3874 1081 3954 11,
1103 3872 1146 3938 25
1160 3873 1272 3938 amic:

158 3977 242 4038 enim
266 3984 411 4038 nostrum
434 3984 491 4037 ott.
537 3974 697 4039 Unsichcr
719 3973 762 4037 ist
784 3973 866 4036 Phil.
889 3974 993 4062 2,,12,
1017 3972 1060 4036 29
1082 3995 1193 4039 omnes
1214 3996 1267 4039 em

158 4077 191 4139 in
214 4074 309 4162 culpa
332 4074 460 4157 (Halm:
485 4097 595 4139 omncs
619 4080 724 4159 ergo).
770 4073 926 4139 Ueberall
949 4072 1029 4158 liegt
1050 4073 1133 4138 auch
1156 4074 1227 4140 hier
1248 4088 1272 4130 4

159 4179 255 4242 Form
280 4176 338 4241 des
361 4176 499 4260 Dialoge
523 4199 564 4238 au
587 4175 733 4240 Grunde.
770 4175 871 4240 Nioht
893 4197 929 4239 so
952 4175 1003 4239 bei
1029 4174 1137 4239 Caes.
1161 4177 1192 4241 b.
1214 4198 1245 4260 g.

159 4281 187 4356 7,
211 4278 231 4343 8
252 4277 308 4341 ille
331 4281 416 4342 enim
439 4287 610 4342 revocatus
633 4279 784 4341 resistere
808 4314 843 4323 -
868 4279 977 4363 coepit
999 4276 1064 4362 (wo
1080 4277 1245 4343 entwedcr

160 4388 321 4465 ergtiuzeu
343 4381 401 4442 ist:
431 4379 519 4464 „und
553 4399 588 4441 so
617 4377 758 4465 geschah
786 4381 845 4442 es“
874 4378 953 4443 oder
980 4377 1070 4459 „und
1094 4378 1190 4444 dorin
1211 4377 1272 4447 hat
