2948 4988
580 344 725 409 -101
773 381 810 391 -

128 521 262 598 expecto
285 513 313 577 si
336 513 414 598 quid
437 513 539 577 dicas.
574 513 635 576 119
657 514 686 576 51
709 515 756 578 551
779 536 911 599 operam
928 512 1006 577 dare
1029 524 1061 578 te
1083 515 1192 577 fuerat
1212 511 1267 576 ali-

128 623 243 699 quanto
266 614 411 699 aequius,
435 614 534 700 siqui
550 617 732 699 probiorem
749 615 857 679 155555
879 637 1000 700 posses.
1038 615 1097 679 148
1120 614 1269 678 55555115

128 715 251 800 siquid
275 715 374 778 dicas.
408 715 469 779 531
495 728 622 800 oportet
643 718 752 802 opseri
773 737 881 780 mores
905 715 1017 796 malos,
1041 717 1069 780 si
1084 754 1127 764 -
1142 715 1270 802 possint

128 814 289 879 luterfieri.
322 815 384 879 551
414 818 504 902 cupit
531 817 623 881 illum
654 818 696 881 ab
724 840 759 882 se
788 817 1017 899 abalienaricr,
1046 817 1073 881 si
1102 839 1198 903 quem
1221 839 1268 879 re-

128 917 228 1002 perire
250 916 356 1001 possit
370 926 426 982 511.
461 918 522 983 148
545 918 623 982 vide
639 918 882 1004 si-deputas.
917 918 979 982 958
996 917 1072 982 5515
1087 918 1269 1003 sycophan-

128 1017 184 1080 tari
212 1015 306 1099 volo,
334 1019 362 1080 si
384 1016 471 1081 5555
493 1041 624 1104 possum
647 1056 688 1067 —-
710 1021 964 1085 circumducere.
998 1020 1081 1083 Uist.
1111 1021 1146 1101 1,
1168 1020 1206 1100 3,
1228 1019 1269 1083 31

128 1140 254 1204 operum
277 1117 345 1201 (151,
368 1119 397 1182 si
418 1122 531 1204 possit.
566 1120 731 1185 55111201
755 1142 830 1185 nam
846 1121 874 1185 si
890 1141 1018 1207 possem
1032 1121 1268 1206 —impetrare,

128 1241 254 1306 operam
278 1218 365 1284 dedi.
399 1220 520 1285 Pseud.
539 1222 621 1286 1148
636 1222 836 1304 iamdudum,
851 1222 879 1286 si
896 1222 964 1303 (155,
980 1221 1111 1307 porrexi
1126 1242 1269 1285 manum.

128 1320 197 1385 lind
220 1341 257 1385 so
280 1321 380 1402 lister,
409 1323 442 1385 in
469 1323 528 1386 der
554 1324 657 1409 Regel
686 1323 756 1388 also
785 1322 855 1386 hier
877 1323 937 1387 mit
959 1322 1034 1387 dem
1056 1322 1268 1410 Oonjunctiv,

129 1421 197 1485 dem
223 1421 406 1486 Ausdruek
436 1423 494 1488 der
521 1423 773 1507 Ungewissheit.
818 1423 911 1488 Noch
937 1423 1197 1488 schwankeuder
1219 1444 1268 1487 er·
1386 1426 1389 1433 ’

129 1523 252 1588 5555151
273 1522 333 1586 (155
355 1523 474 1589 Modus
497 1525 550 1590 bei
573 1525 741 1590 Terenz:
766 1527 850 1590 Eun.
869 1526 933 1590 545
956 1527 1060 1589 visam
1084 1525 1113 1588 si
1135 1525 1268 1591 domist.

129 1623 277 1689 Dieselbe
304 1625 428 1690 Phrase
459 1626 543 1691 auch
572 1626 691 1693 Heaut.
717 1629 778 1692 170
804 1626 870 1690 und
898 1627 1029 1692 Phorm.
1051 1625 1126 1689 899.
1150 1626 1267 1690 5.“553

129 1725 194 1789 ride
222 1724 252 1789 si
281 1725 360 1810 quid
388 1715 459 1814 opis
488 1737 582 1813 potes
612 1729 727 1793 afferre
754 1727 841 1793 huic.
875 1727 938 1792 838
968 1726 1044 1792 vide
1071 1726 1206 1807 amabo,
1238 1727 1267 1790 si

129 1849 184 1890 uon
206 1849 244 1890 os
267 1827 438 1914 impudens
461 1830 603 1894 videtur.
638 1830 700 1897 Ad.
715 1831 779 1894 239
795 1830 870 1893 vide
886 1830 915 1892 si
938 1830 1017 1894 55115
1041 1827 1158 1914 placet.
1184 1827 1267 1892 Hoc.

129 1929 178 1992 121
204 1927 241 1992 id
264 1930 292 1992 si
314 1928 486 2013 15515551,
516 1932 635 1997 neseio.
681 1932 840 2015 Dagegen
863 1930 922 1993 der
944 1931 1024 1995 055
1029 1930 1211 2016 junctiv:
1236 1951 1267 1993 v.

130 2030 181 2094 129
205 2050 267 2114 535
290 2029 376 2094 5555
396 2031 510 2114 adibo,
533 2033 562 2095 si
584 2032 664 2118 quid
686 2054 738 2096 me
760 2030 841 2096 velit
862 2031 953 2117 („liir
980 2030 1045 2095 den
1073 2030 1161 2111 Fall,
1192 2030 1268 2094 dass
1348 2092 1352 2098 .

130 2134 256 2214 rtwa“).
291 2132 356 2196 Ad.
386 2133 450 2197 549
478 2134 505 2195 51
528 2134 613 2200 15515
634 2133 737 2198 frater
758 2132 906 2209 redierit,
937 2134 1019 2196 viso.
1054 2133 1183 2196 Phorm.
1207 2131 1271 2194 229

130 2253 149 2296 5
179 2231 314 2296 insidiis
343 2232 397 2297 hic
425 2255 480 2298 cro
505 2272 544 2282 -
567 2236 596 2298 si
624 2236 702 2322 quid
732 2234 879 2299 deficias.
921 2233 1005 2297 Eun.
1036 2233 1101 2296 594
1129 2241 1180 2297 515
1209 2253 1265 2294 ex·

130 2343 269 2413 vectans,
292 2334 421 2419 siquid
444 2335 488 2398 mi
511 2337 681 2422 imperent.
720 2336 783 2399 Die
804 2335 888 2399 nahe
904 2333 1193 2398 Verwandtschaft
1209 2333 1268 2396 mit

130 2433 316 2499 rirkliehen
340 2434 562 2520 Frageslltzen
585 2437 707 2502 ersieht
729 2459 805 2501 man
829 2460 857 2499 z.
876 2436 913 2500 Β.
937 2458 994 2499 555
1017 2435 1102 2498 Eun.
1117 2433 1180 2498 663
1196 2434 1266 2497 vise

131 2534 238 2601 mabo
261 2557 338 2599 num
367 2538 419 2601 sit.
455 2538 584 2604 Phorm.
606 2539 669 2603 445
692 2539 761 2603 5155
790 2537 975 2604 redieritne.
1008 2535 1116 2619 (Nach
1138 2535 1266 2618 Liebig,

130 2639 240 2720 ’5535
263 2635 391 2701 Gorlitz
417 2638 498 2703 1863
521 2639 555 2704 S.
581 2640 694 2725 1213.)
738 2640 835 2704 Α555
857 2640 915 2703 (155
939 2637 1070 2721 51151135
1091 2637 1268 2708 1151155155

130 2762 177 2804 ‚es
202 2736 385 2802 Indicativs
409 2741 533 2804 stimmt
554 2742 615 2805 mit
638 2742 696 2805 der
717 2738 1003 2806 alterthiimlichen
1020 2737 1118 2800 Form
1140 2737 1199 2801 der
1221 2738 1268 2801 in·

131 2841 269 2904 ‚irecten
292 2839 507 2924 Frageslttze3
533 2842 597 2926 531.
620 2847 650 2923 ξ.
674 2842 746 2906 463.
772 2879 811 2889 -
833 2842 949 2908 Luer.
972 2843 1003 2920 4,
1026 2839 1079 2903 23.

205 2939 853 3007 Β511115551155555155511555555155515
878 2942 961 3007 Cic.
986 2943 1053 3004 inv.
1075 2940 1096 3003 2
1122 2944 1151 3021 ξ.
1176 2940 1216 3003 81
1240 2940 1268 3003 si

131 3042 258 3130 515-
275 3042 359 3106 sumi
381 3043 496 3129 possit,
520 3045 625 3109 videri
647 3043 822 3129 oportebit.
855 3048 886 3125 ἕ.
912 3043 972 3107 122
993 3041 1166 3124 ambigunt
1183 3042 1269 3125 („sie

132 3145 298 3226 treiten“)
324 3181 367 3192 -
394 3145 422 3207 si
449 3143 536 3208 filius
564 3154 639 3210 ante
669 3156 814 3209 mortuus
843 3147 895 3209 sit.
938 3143 1023 3208 Phil.
1052 3143 1086 3224 9,
1119 3146 1154 3226 l,
1190 3144 1211 3206 2
1240 3143 1268 3206 51

131 3253 245 3326 resset,
270 3246 482 3331 experiretur.
518 3245 584 3314 div.
608 3247 628 3310 2
650 3250 679 3328 5.
702 3246 743 3310 26
766 3247 1048 3332 experiamurque,
1065 3243 1092 3307 si
1106 3244 1269 3329 possimus

131 3356 177 3411 ut.
212 3349 292 3410 1555.
315 3347 353 3426 3,
376 3346 410 3428 9,
434 3348 455 3409 2
477 3356 510 3412 15
532 3349 654 3412 adeunt
676 3349 746 3411 fere
768 3369 893 3426 omnes,
924 3347 951 3410 si
975 3345 1054 3432 quid
1082 3344 1165 3408 velis
1193 3346 1269 3429 (wie

131 3446 196 3513 155.
220 3447 301 3512 Hce.
325 3448 411 3534 429).
448 3451 517 3513 Α11.
548 3449 603 3529 16,
626 3450 664 3531 2,
687 3451 708 3512 4
731 3449 1043 3534 exspectabamque,
1074 3448 1101 3510 si
1124 3447 1205 3532 quid
1228 3446 1269 3510 de
1310 3518 1314 3526 ¹

131 3547 229 3615 55551
250 3569 303 3612 rne
326 3549 496 3614 scriberes.
533 3550 586 3631 16,
609 3551 645 3631 4,
672 3553 685 3612 1
717 3571 828 3612 earum
851 3548 1036 3634 exemplum
1058 3548 1154 3610 nobis
1177 3546 1268 3632 legit,

132 3648 147 3712 Ι1
171 3648 250 3735 quid
266 3648 434 3714 videretur
449 3650 537 3732 („fur
551 3651 614 3714 (155
629 3650 711 3727 Fall,
727 3650 851 3734 dass“).
886 3652 924 3715 15
946 3649 1134 3714 demselbcn
1151 3649 1268 3713 Sinne:

132 3750 171 3833 ,3,
194 3749 245 3832 22,
267 3751 288 3814 5
310 3750 481 3836 epistolam
501 3752 651 3816 Caesaris
673 3752 764 3833 misi,
788 3753 816 3814 si
839 3752 945 3814 minus
968 3751 1115 3835 legisses.
1149 3747 1267 3811 Plan-

132 3872 190 3915 rus
213 3850 256 3914 ad
285 3853 361 3915 1555.
389 3853 441 3932 10,
464 3853 520 3929 24,
549 3853 571 3915 4
593 3853 635 3915 ad
664 3874 737 3916 eum
767 3854 923 3917 Furnium
945 3870 986 3899 ·-
1009 3852 1099 3931 misi,
1129 3852 1157 3914 si
1188 3849 1266 3935 quid

132 3953 209 4017 t'orte
232 3953 390 4036 proficere
406 3963 532 4038 posset.

206 4053 267 4118 Β51
295 4054 593 4119 055555·5515(155
625 4056 948 4140 555551151555555513
979 4052 1264 4139 35555555115555ε

132 4178 154 4220 a
176 4176 209 4240 g.
235 4157 265 4235 l,
288 4156 308 4220 8
330 4156 359 4219 51
381 4176 591 4242 perrumpere
613 4168 755 4242 possent,
779 4159 897 4223 555511.
919 4157 985 4239 2,9
1008 4155 1091 4219 5555
1114 4155 1141 4217 51
1164 4154 1268 4218 555151

132 4257 310 4339 5555515551,
332 4256 442 4322 555155
466 4258 710 4343 exspectabant.
741 4261 780 4337 5,
803 4260 845 4323 50
868 4259 998 4342 utrique
1020 4278 1093 4321 sese
1114 4278 1173 4320 suo
1196 4257 1266 4320 loco

132 4359 291 4423 continent
324 4396 365 4407 -
402 4359 542 4441 Cacsar,
578 4361 605 4423 si
638 4360 723 4424 forte
756 4360 881 4423 timoris
914 4359 1119 4423 simulatione
1156 4357 1266 4423 hostes

133 4457 241 4525 elicere
262 4468 383 4546 posset.
418 4462 454 4537 6,
476 4461 518 4525 29
540 4460 686 4527 Basilum
717 4461 911 4547 praemittit,
938 4460 965 4524 si
995 4459 1074 4546 qnid
1101 4459 1268 4525 celeritate
