2948 4988
491 282 496 294 ’
593 328 847 392 ...722-

160 497 288 562 Plaut.
313 497 404 565 Trin.
427 499 492 562 474
519 498 621 581 edim,
651 500 713 562 nisi
741 499 769 562 si
798 497 852 561 ille
882 507 981 563 votet.
1027 498 1117 563 Men.
1140 499 1204 565 248
1225 523 1256 563 ιι.
1277 502 1299 564 si

161 600 331 665 historiam
353 590 507 688 scripturi
531 622 651 665 sumus.
698 600 795 665 Curc.
813 601 854 664 51
878 601 1029 688 pudicast
1053 639 1090 650 —
1116 622 1150 665 ιι.
1172 603 1232 667 sict
1251 625 1299 667 su·

160 700 319 766 sculsndo
353 702 545 789 inpudicior.
594 703 696 768 Persa
724 703 786 768 833
814 725 845 766 ιι.
873 705 901 767 si
929 703 1078 789 dignust,
1109 727 1176 770 non
1203 713 1297 791 opust

159 802 236 869 Und
260 803 412 884 sortiter,
436 805 498 868 wie
521 806 605 871 auch
627 806 681 870 bei
703 804 870 886 Terenz,
895 829 924 870 z.
947 806 984 874 Β.
1008 805 1114 870 Andr.
1129 805 1194 871 249
1215 827 1298 892 repn-

161 905 268 970 diatus
290 917 436 992 repetor:
460 928 556 992 quem
578 907 620 973 ob
642 904 735 971 rem?
772 908 835 971 nisi
857 907 886 970 si
901 907 937 971 id
960 917 1020 988 est,
1044 907 1133 995 quod
1153 909 1295 993 suspicer.

159 1007 219 1071 671
243 1030 275 1072 ιι.
300 1008 327 1071 si
350 1008 381 1072 id
405 1018 501 1094 putas
525 1009 559 1093 (i.
583 1029 610 1072 e.
634 1010 697 1073 nisi
720 1008 829 1094 sorte).
874 1008 968 1073 Eben
996 1032 1049 1087 se,
1078 1008 1222 1074 numlich
1243 1009 1292 1072 iro·

160 1108 267 1173 nisch:
285 1109 425 1174 Α(1.594
441 1132 472 1175 n.
490 1110 519 1173 si
534 1109 715 1175 credidisti.
750 1109 844 1176 Ohne
860 1108 969 1175 Ironic
984 1110 1124 1176 wieder:
1148 1110 1230 1175 Eun.
1244 1111 1292 1175 662

160 1234 192 1274 n.
216 1210 245 1274 si
267 1210 397 1275 domum
422 1211 530 1276 rediit.
569 1213 631 1276 796
647 1235 679 1278 ιι.
695 1213 723 1275 si
739 1213 842 1277 mavis
860 1213 894 1275 vi
911 1214 1001 1299 eripi.
1040 1213 1104 1278 902
1119 1213 1288 1294 noncredc,

161 1335 192 1375 n.
216 1311 244 1376 si
267 1313 478 1378 commissum
500 1336 565 1378 non
588 1315 658 1379 erit.

248 1441 326 1505 Cic.
349 1441 415 1506 inv.
439 1441 460 1504 2
482 1445 513 1525 ξ.
540 1442 598 1506 171
623 1442 686 1507 nisi
710 1442 740 1506 si
761 1441 887 1506 malunt
909 1442 994 1507 fame
1017 1445 1136 1529 perire.
1173 1442 1283 1507 Vernl

162 1548 191 1626 ξ.
214 1543 257 1608 62
278 1543 312 1606 ἰιι
335 1544 506 1630 utriusque
534 1544 628 1609 bonis
651 1542 733 1608 nihil
757 1553 841 1623 erut,
869 1542 956 1631 quod
978 1545 1107 1609 restitui
1130 1556 1240 1631 posset,
1256 1566 1277 1606 n.

164 1645 193 1708 si
216 1644 294 1732 quid
317 1646 441 1709 moveri
464 1644 535 1710 loco
557 1667 622 1709 non
643 1655 804 1733 potuerat.
844 1643 1021 1730 (Unsicher
1042 1646 1078 1708 in
1102 1644 1276 1722 016124,

161 1748 208 1833 6.)
253 1747 353 1812 Sonst
380 1744 465 1810 wohl
492 1747 583 1813 nicht
611 1748 645 1811 in
673 1748 736 1813 den
758 1747 887 1829 Redcn,
917 1767 1030 1810 ausser
1052 1745 1137 1811 Phil.
1159 1750 1178 1810 2
1198 1751 1224 1829 ξ.
1241 1745 1275 1809 70.

160 1848 202 1913 de
218 1870 264 1913 or.
280 1848 301 1911 2
318 1852 348 1929 ξ.
365 1848 426 1913 237
450 1850 585 1914 miseros
608 1848 702 1914 illudi
725 1849 852 1930 nolunt,
876 1871 907 1911 n.
931 1849 959 1912 si
983 1847 1039 1933 (ul.
1062 1849 1142 1931 nisi)
1165 1869 1197 1913 se
1216 1846 1274 1911 ferte

159 1951 292 2014 iactant.
338 1952 367 2030 ξ.
391 1951 463 2015 264.
487 1931 551 2016 330
573 1950 629 2031 (al.
653 1951 741 2034 nisi).
781 1952 873 2015 Brut.
896 1954 926 2032 ξ.
949 1949 989 2013 61
1014 1949 1104 2015 steht
1123 1952 1212 2039 jetzt:
1229 1947 1272 2011 nisi

158 2074 265 2138 quern.
310 2051 406 2115 Tusc.
437 2053 457 2116 3
486 2056 516 2134 ὅ.
545 2053 588 2116 42
615 2076 647 2117 n.
679 2055 706 2117 si
735 2051 857 2115 vellent
885 2073 981 2115 voces
1014 2052 1129 2117 inanes
1159 2050 1271 2114 fundere.

160 2151 338 2236 (Uusicher
360 2155 403 2218 ist
426 2154 466 2218 dc
488 2151 574 2239 legg.
597 2156 617 2216 2
640 2156 670 2236 ᾗ.
694 2155 758 2235 66.)
796 2153 874 2218 farn.
900 2154 948 2232 14,
972 2154 1040 2236 2,1
1064 2178 1096 2222 ιι.
1120 2155 1147 2218 si
1168 2147 1270 2240 quisti

160 2277 211 2320 me
233 2255 328 2341 plura
350 2254 490 2342 scripsit.
531 2256 601 2321 Att.
625 2256 656 2338 2,
680 2256 711 2338 3,
735 2257 754 2318 2
778 2279 807 2319 ιι.
830 2257 859 2320 si
882 2255 961 2342 quid
985 2255 1048 2319 erit
1070 2253 1223 2320 eiusmodi.
1247 2248 1269 2331 2,

163 2358 246 2435 1],1
270 2379 368 2435 nunc,
392 2380 422 2420 n.
441 2358 468 2420 si
491 2355 570 2443 quid
594 2378 635 2422 ex
657 2367 886 2444 praetereunte
909 2358 1035 2421 viatore
1058 2367 1215 2443 exceptum
1226 2357 1268 2428 eti,

162 2460 247 2523 scire
269 2458 351 2523 nihil
374 2479 556 2545 possumus.
596 2459 784 2524 Ironisch
811 2460 854 2524 ist
877 2459 930 2526 dic
953 2458 1038 2523 oben
1060 2460 1165 2525 citirte
1184 2449 1267 2523 stelle:

161 2560 259 2625 Catil.
283 2561 315 2643 2,
337 2562 368 2643 4,
391 2561 411 2624 6
434 2559 501 2623 und
525 2559 646 2624 Phil.2
668 2563 699 2642 ξ.
717 2562 757 2625 70
779 2562 845 2625 nisi
866 2561 895 2625 si
918 2569 954 2625 tu
975 2583 1010 2625 es
1034 2560 1123 2626 solus
1143 2554 1266 2624 Antoniut

161 2661 215 2743 (al.
232 2662 296 2726 nisi
311 2667 372 2745 tu).
408 2662 521 2726 Damit
545 2658 697 2727 scheinen
720 2663 774 2727 die
791 2661 913 2728 Stellen
937 2664 989 2727 bei
1006 2662 1120 2728 Cicero
1141 2651 1268 2736 erschipfl

161 2786 200 2826 zu
225 2766 302 2827 sein.
347 2764 411 2828 Die
434 2764 553 2827 Lesart
574 2763 618 2828 ist
640 2763 731 2828 nicht
753 2764 877 2829 iiberall
902 2765 1019 2829 sicher.

243 2889 339 2955 Fehlt
362 2890 416 2955 bei
439 2889 576 2970 Sallust;
601 2892 654 2955 bei
677 2892 826 2956 Caesar
847 2914 909 2955 nur
932 2895 964 2957 b.
988 2915 1019 2977 g.
1045 2895 1073 2975 1,
1096 2893 1153 2969 31,
1178 2890 1208 2953 14
1223 2878 1266 2946 uisi

161 2994 189 3056 si
212 2992 291 3079 quid
314 2992 349 3055 in
372 2992 513 3056 Caesare
536 2994 719 3078 populoque
742 2993 779 3057 R.
804 2994 847 3056 sit
868 2993 1001 3074 auxilii,
1027 2993 1172 3058 omnibus
1192 2980 1266 3052 Gallis

40 3164 44 3177 ‚
161 3093 248 3157 idem
263 3114 335 3157 esse
350 3093 547 3172 faciendum,
572 3094 659 3180 quod
675 3104 731 3159 ctt.
769 3093 864 3158 Auch
881 3095 1065 3160 beiseinen
1081 3091 1266 3160 Nachahnern

163 3193 254 3259 nicht
276 3196 480 3259 beobachtet.

244 3322 329 3387 niv.
358 3322 393 3400 6,
422 3323 480 3403 nc,
503 3324 524 3386 5
552 3321 605 3387 nu
633 3322 737 3409 plebis
771 3295 903 3386 nostrae
929 3321 1063 3388 habitus
1093 3324 1153 3408 fut
1176 3316 1263 3398 eritque

161 3447 305 3512 semper,
335 3447 366 3487 n.
390 3424 570 3509 siquando
594 3424 731 3489 evehis
760 3446 851 3487 arma
881 3427 1114 3511 acceperimus.
1156 3409 1263 3486 Ironisch

159 3528 204 3590 ist
226 3526 276 3602 26,
301 3526 331 3603 3,
354 3527 385 3589 3.
415 3525 465 3603 28,
489 3526 540 3609 31,
562 3525 592 3588 2.
638 3526 751 3590 Oefter
774 3525 875 3590 nicht.

246 3655 317 3718 Aus
333 3651 439 3737 Virgil
462 3653 531 3716 und
554 3652 663 3717 Horsz
687 3651 770 3716 wird
795 3652 892 3716 keine
909 3652 1008 3718 Stellc
1031 3654 1135 3735 citirt3
1158 3651 1262 3731 degere

144 3778 218 3820 waus
244 3753 361 3820 evus:
390 3765 466 3818 met.
492 3755 529 3836 5,
552 3755 603 3823 ιο.
640 3756 692 3837 14,
719 3755 775 3819 ru
799 3776 830 3817 u.
854 3754 926 3820 ιιι.
973 3753 1135 3818 ironiae:
1165 3751 1205 3824 ιο,
1222 3735 1264 3806 200

160 3858 223 3922 nisi
248 3857 276 3922 si
290 3855 407 3921 lusisse
430 3857 541 3920 vocari
565 3855 662 3944 culpa
677 3865 791 3941 potest,
813 3857 876 3920 nisi
893 3855 989 3942 culpa
1009 3866 1117 3942 potest
1132 3866 1162 3920 et
1175 3857 1263 3916 nnete

162 3959 283 4023 vocari.
328 3958 378 4021 Im
402 3956 566 4021 silbernen
589 3959 706 4022 Latcin
731 3958 806 4021 sehr
829 3967 988 4021 zerstreut
1012 3956 1064 4021 bei
1087 3957 1157 4021 dem
1177 3949 1263 4018 theru

161 4061 304 4143 Plinius,
329 4058 528 4143 Quintilian,
552 4059 687 4124 Tacitus
711 4059 776 4123 und
802 4058 937 4138 Sueten,
963 4059 1113 4144 htufiger
1134 4057 1179 4122 hei
1198 4043 1263 4114 0011·

162 4161 271 4247 mella3
295 4162 452 4226 darunter
475 4165 526 4226 cin
549 4161 615 4227 Mel
637 4161 795 4226 ironisch:
819 4160 909 4224 Tac.
933 4162 1015 4245 Agr.
1030 4163 1073 4225 32
1094 4184 1123 4224 n.
1146 4160 1212 4223 si-
1226 4169 1264 4234 Ρ·

162 4265 250 4328 tatis.
296 4264 402 4347 (Abcr
424 4265 514 4328 nicht
536 4261 676 4343 Quintil.
699 4265 729 4341 4,
757 4265 782 4340 1,
804 4263 871 4347 70.)
915 4262 1014 4326 Danu
1037 4261 1119 4326 auch
1140 4264 1169 4325 in
1187 4257 1265 4342 splllr

161 4367 251 4431 Zeit:
282 4364 398 4451 Apul,
421 4365 504 4450 epol.
532 4366 568 4428 17
595 4387 626 4428 n.
656 4365 684 4428 si
715 4374 746 4429 et
768 4363 829 4428 hoc
857 4364 1020 4449 magicum
1049 4374 1108 4429 est.
1151 4345 1264 4426 01113·

165 4468 215 4547 10,
243 4470 290 4531 11.
322 4469 372 4549 13,
396 4466 486 4545 28,3
509 4465 576 4531 und
599 4464 681 4530 noch
705 4467 835 4553 Spart.
860 4466 962 4530 Hadr.
987 4465 1029 4529 22
1052 4467 1111 4531 nisi
1133 4465 1159 4528 si
1177 4483 1194 4525 e
1211 4465 1265 4522 cen⁸
