2924 4994
619 318 848 384 -418-

158 485 292 552 Miitzeli
317 487 401 552 noch
425 489 532 573 einige
548 488 681 555 Steilen.
720 488 830 554 Ueber
853 490 1021 555 Tacitus
1044 514 1069 555 s.
1087 493 1228 559 meineS

158 611 188 651 u.
219 588 280 653 Stil
310 588 367 653 des
396 589 475 658 Tac.
504 592 534 670 ξ.
560 589 617 653 151
648 591 713 655 und
743 589 902 657 Pfitzner:
940 592 994 658 die
1021 594 1107 658 Ann.
1138 594 1197 659 des
1225 596 1228 622 ¹

242 791 273 856 2.
296 791 356 858 Ost
374 791 461 857 steht
477 794 535 857 der
551 794 823 874 Relativsatz,
848 788 1023 861 besontiers
1039 797 1072 860 in
1090 796 1167 862 sehr
1182 797 1228 863 ku

158 894 327 976 Fassung,
363 894 537 960 innerhalb
573 896 631 959 der
663 895 844 960 indirecten
878 897 969 962 Rede
1001 899 1045 962 im
1068 895 1225 964 ¹indica

157 1016 251 1059 wenn
284 1017 319 1059 er
347 997 419 1059 eine
449 996 771 1082 Umschreibung
802 996 881 1062 oder
914 999 1035 1064 nthere
1064 999 1228 1064 Erktsrt

149 1098 245 1161 'eines
268 1096 661 1183 Nominalbegriffes
691 1098 825 1163 enthslt.
870 1099 930 1164 Als
953 1099 1179 1166 feststehende
1200 1102 1228 1166 R

158 1198 249 1264 kann
272 1199 341 1264 dies
360 1199 480 1287 jedoeh
502 1198 594 1264 nieht
615 1200 724 1285 gelten
747 1202 815 1264 und
836 1202 888 1265 ein
905 1201 1021 1266 Grnnd
1037 1201 1137 1266 daiiir
1151 1202 1228 1266 istn

157 1323 199 1365 zu
227 1300 403 1366 erkennen.
448 1301 491 1384 Se
522 1302 640 1375 bereits
664 1302 763 1368 Cato
787 1302 840 1366 bei
862 1303 946 1367 Ptin.
970 1302 1002 1366 h.
1025 1326 1056 1372 n.
1080 1303 1228 1389 praes.§

32 1443 36 1450 -
156 1402 223 1467 sein
246 1424 315 1487 ege,
339 1425 422 1488 quae
445 1404 569 1490 scripta
590 1415 666 1468 sunt
690 1405 744 1487 (==
761 1403 1228 1491 scripta)sipalampr0fera1

154 1604 382 1670 haberehunc
406 1606 497 1684 bona,
522 1628 605 1692 quae
628 1607 771 1693 possedit
794 1618 895 1693 pater.
926 1608 1012 1672 Ter.
1030 1608 1135 1673 Andr.
1156 1609 1197 1672 13
1218 1631 1228 1672 r

155 1729 336 1772 convenere
372 1711 405 1771 in
442 1708 602 1773 Andriam
641 1731 683 1773 ex
720 1709 887 1773 Perinthia
923 1709 1046 1774 fatetur
1083 1708 1228 1774 transtnlt

159 1809 306 1888 tenvis,
337 1830 420 1895 quae
452 1821 589 1886 restant,
622 1832 673 1874 me
695 1809 808 1897 loqui?
831 1847 873 1859 -
906 1810 987 1875 Cic.
1010 1810 1108 1875 Catil.
1130 1812 1200 1890 3,9

155 1920 263 1996 potest
291 1932 362 1974 esse
391 1921 456 1974 tam
486 1933 621 1976 aversus
649 1934 670 1976 a
692 1934 771 1978 vero
808 1950 845 1959 —
880 1913 936 1998 qui
958 1923 1056 1996 neget
1078 1912 1160 1976 haee
1182 1933 1228 1976 em

154 2034 237 2099 quae
265 2011 431 2094 videmus,
465 2016 704 2100 praecipueque
734 2014 819 2077 hanc
846 2013 960 2078 urbem
988 2014 1121 2078 deorum
1145 2036 1228 2100 -p

154 2124 239 2179 state
268 2113 514 2180 administrari?
552 2114 636 2200 legg.
659 2116 691 2197 3,
713 2116 744 2196 2,
765 2118 787 2180 5
814 2125 943 2201 oportet
965 2125 997 2178 et
1020 2137 1095 2179 enm
1117 2116 1175 2201 qui
1197 2138 1228 2202 ps

155 2236 286 2302 sperare
312 2253 347 2262 —
373 2225 405 2280 et
426 2215 519 2281 illum
541 2218 596 2303 qui
618 2218 773 2315 imperat,
802 2219 948 2301 cogitare
971 2226 1026 2282 ott.
1050 2215 1152 2301 („der
1174 2214 1226 2280 Ge

45 2350 51 2359 ·
155 2318 281 2383 ehende
298 2354 337 2366 —
354 2317 414 2381 der
435 2317 683 2399 Bet'ehlende“).
722 2319 799 2383 nd.
820 2318 916 2402 259,
935 2319 994 2383 148
1016 2315 1190 2382 innerbalb
1213 2338 1228 2380 e

155 2418 374 2484 Finalsatzes:
413 2440 451 2482 ea
479 2441 562 2506 quae
591 2422 777 2505 ignoramus
806 2418 892 2500 „das
917 2418 1173 2485 Unbekannte“
1197 2456 1228 2466 -

90 2588 95 2599 ,
157 2542 239 2609 quae
262 2522 382 2586 scimus
404 2519 489 2603 „das
513 2520 720 2586 Bekannte“.
749 2521 874 2609 ¹Caes.
898 2521 929 2584 b.
954 2543 986 2605 g.
1009 2522 1097 2601 5,11
1122 2520 1228 2586 scribi¹

156 2646 252 2709 quam
282 2622 438 2710 plurimas
467 2633 577 2709 posset
603 2624 644 2686 iis
667 2621 865 2707 legionibus,
900 2632 1082 2708 quaesunt
1106 2622 1228 2708 apud<

154 2747 256 2789 naves
283 2726 441 2789 instituat.
486 2724 580 2787 Eben
604 2748 639 2790 so
668 2728 726 2788 mit
748 2723 975 2787 historischem
999 2723 1175 2789 Praesens:
1211 2724 1229 2787 ‘I

153 2827 355 2891 constituunt
378 2837 414 2890 ut
436 2827 459 2889 ii
482 2827 537 2912 q'ui
558 2825 740 2890 -inutiles
764 2835 840 2889 sunt
863 2824 957 2903 belin,
981 2825 1103 2910 oppido
1128 2824 1228 2889 exeed

154 2926 248 2992 Sall.
273 2926 348 3011 Jng.
364 2927 449 3008 54,1
473 2927 635 3004 hortatur,
659 2928 700 2991 ad
723 2937 840 3011 cetera,
863 2949 946 3011 quae
970 2925 1057 3019 levia
1080 2936 1167 3010 sunt,
1188 2947 1228 3012 pa

154 3030 296 3094 animum
319 3040 445 3113 gerant.
489 3030 574 3112 63,1
599 3027 752 3115 proinde,
775 3049 858 3114 quae
881 3030 989 3091 animo
1012 3028 1170 3113 agitabat,
1196 3027 1227 3091 fr

154 3130 204 3194 dis
227 3145 348 3214 ageret.
387 3130 472 3195 Liv.
488 3130 539 3212 21,
555 3132 621 3206 3,3
644 3152 708 3194 non
733 3150 848 3194 censeo
871 3130 959 3215 quod
983 3131 1065 3214 petit
1080 3127 1228 3194 tribuend

151 3231 306 3311 24316
329 3232 357 3294 si
381 3232 441 3312 eis,
466 3234 522 3318 qui
545 3232 587 3295 ad
609 3253 644 3296 se
668 3230 891 3317 perfugerunt,
915 3240 1007 3294 tutus
1029 3231 1064 3294 in
1089 3232 1226 3316 patriam

153 3333 240 3398 ditus
264 3343 391 3419 pateret
425 3371 459 3380 -
487 3333 568 3397 nihil
598 3333 695 3397 armis
726 3354 807 3419 opus
831 3354 913 3396 esse.
958 3332 1048 3396 Aber
1072 3332 1155 3395 knrz
1180 3353 1228 3396 voi

153 3434 240 3499 steht
261 3436 296 3498 in
319 3440 349 3516 §-
372 3436 393 3499 5
415 3435 613 3518 regelreeht:
637 3435 693 3520 qui
716 3435 920 3518 perfugerint
933 3433 975 3495 ad
992 3455 1037 3496 se.
1075 3434 1128 3514 30,
1144 3434 1184 3497 31
1199 3454 1228 3518 qr

152 3557 279 3623 cunque
303 3538 439 3620 agimus.
485 3536 536 3619 34,
557 3537 596 3599 31
621 3533 855 3621 qualiscunque
879 3557 957 3598 sum.
1006 3533 1116 3598 Curt.
1141 3533 1226 3617 4,11

152 3642 299 3702 nuntiate
327 3638 396 3722 regi
425 3649 553 3718 vestre,
588 3648 620 3701 et
647 3658 729 3722 quae
757 3636 866 3700 amisit
894 3648 926 3700 et
949 3657 1032 3722 quae
1055 3635 1165 3700 adhuc
1188 3633 1228 3697 he

151 3740 297 3825 praemia
319 3762 391 3803 esse
414 3737 501 3803 belii.
546 3739 634 3803 Tac.
660 3761 734 3801 ann.
752 3739 781 3820 1,
797 3737 839 3801 39
862 3760 944 3823 quae
960 3775 1002 3784 —
1019 3759 1177 3824 expressa
1193 3757 1228 3799 er.

151 3841 183 3921 4,
198 3842 240 3904 56
262 3841 315 3926 qui
339 3839 515 3905 adstabant
539 3841 607 3923 (die
630 3837 882 3922 Anwesenden).
932 3840 1038 3917 11,14
1060 3860 1143 3923 qnae
1163 3858 1228 3902 acer

152 3952 236 4006 rant.
257 3978 258 3982 =
283 3943 332 4022 14,
349 3943 400 4005 21.
427 3943 477 4023 15,
494 3944 523 4005 6.
568 3940 663 4005 Mehr
685 3941 742 4004 hat
764 3939 908 4003 Pfitzner
930 3940 963 4003 S.
989 3939 1058 4005 179.

236 4045 265 4112 3.
290 4041 489 4107 Ausserdem
511 4043 602 4126 giebt
625 4064 658 4105 es
683 4042 755 4105 eine
778 4039 963 4105 erhebliehe
979 4040 1109 4105 Anzahl
1133 4042 1228 4106 vonS

151 4143 217 4218 len,
251 4147 284 4209 in
313 4143 457 4208 welchen
485 4145 537 4207 die
562 4143 799 4227 Beibehaltung
826 4142 884 4206 des
906 4142 1136 4208 Indicativs
1165 4144 1220 4207 der

152 4256 263 4310 recten
291 4248 381 4310 Rede
414 4245 580 4309 entweder
613 4243 882 4308 handsehriftlieh
915 4243 1070 4309 unsicher
1104 4245 1182 4310 oder
1209 4266 1228 4328 g

153 4350 288 4412 abnorm
316 4349 369 4411 ist.
415 4349 484 4409 Ans
507 4346 621 4410 Cicero
649 4346 714 4409 und
739 4344 860 4409 Caesar
886 4344 977 4409 kann
1006 4346 1058 4410 ich
1088 4345 1228 4431 dergleie

152 4449 241 4515 nieht
273 4449 451 4533 anstihren,
486 4447 569 4512 wohl
598 4449 677 4513 aber
706 4446 805 4512 sehon
833 4468 891 4511 aus
921 4446 1228 4516 vorklassiscberZ
