2948 4988
616 298 842 363 -320-

248 470 309 534 Bei
343 469 515 552 condignus
547 467 650 533 findet
684 466 753 531 sich
793 467 852 532 der
889 467 1037 532 Infinitiv
1071 469 1181 553 nicht,
1220 491 1274 535 wo

123 569 127 583 '
159 572 239 636 aber
260 571 313 635 bei

244 671 388 756 Diqnari
410 671 473 735 seit
492 671 643 736 Lucrez
672 671 727 736 bei
757 671 932 757 Dichtern3
957 673 990 737 in
1020 671 1079 737 der
1107 672 1212 738 Prosa
1241 695 1274 738 er

162 775 213 839 bei
237 772 412 852 Curtius,
437 773 509 838 dem
529 775 692 860 jiingeren
716 773 865 838 Seneca
887 799 919 839 u.
942 773 1021 861 Spp.

245 874 419 958 Indignae,
443 872 539 940 theils
562 876 596 939 in
611 874 846 961 persdnlieher,
868 876 964 940 theils
986 877 1020 940 in
1036 875 1274 964 unpersdnliok

114 1037 116 1041 Α
166 977 407 1042 Construction.
451 976 570 1040 Zusrst
596 975 655 1041 hat
682 976 825 1041 Cicero
853 977 906 1041 die
934 976 1138 1062 regelrechte
1166 978 1273 1043 Veri»

162 1078 252 1162 dung
279 1078 339 1141 mit
367 1079 440 1143 dem
463 1078 581 1143 Aecus.
609 1101 636 1143 e.
667 1077 726 1145 inf.
758 1078 841 1142 nach
869 1078 1055 1166 unpersdul.
1084 1078 1274 1166 Hauptsat:

161 1204 192 1267 p.
217 1179 347 1259 Quinct.
370 1181 422 1260 31,
446 1180 488 1245 95
509 1179 679 1265 indignum
702 1188 752 1244 est
780 1202 800 1243 a
827 1181 897 1265 pari
928 1182 1017 1245 vinci
1045 1193 1102 1248 aut
1125 1183 1274 1270 superio

161 1283 328 1368 indignius
361 1280 403 1345 ab
437 1281 591 1346 inferiore
624 1292 721 1368 atquc
754 1280 933 1345 humiliore.
990 1283 1089 1348 Danu
1122 1284 1274 1371 gehreii<

162 1384 318 1450 Sallust
345 1382 429 1447 auch
457 1383 520 1446 den
549 1380 712 1448 blossen
741 1382 903 1448 Infinitiv:
934 1384 1011 1468 Jug.
1043 1386 1095 1466 79,
1123 1389 1136 1448 1
1170 1407 1238 1450 non
1266 1396 1274 1455 i

162 1486 297 1572 dignum
314 1485 446 1575 videtur
462 1522 501 1531 —
517 1484 644 1549 facinus
667 1483 805 1549 duorum
821 1484 1143 1571 Carthaginiensium
1169 1509 1274 1554 comm

162 1610 299 1652 morare.
322 1625 364 1634 —
393 1584 578 1650 Personelle
605 1584 735 1651 Constr.
762 1597 829 1650 erst
856 1588 919 1651 seit
945 1587 1057 1652 Luer.
1085 1590 1274 1675 5‚123qu

162 1691 228 1755 sint
260 1689 395 1774 indigna
421 1687 537 1760 videri,
583 1687 673 1751 Hor.
702 1710 750 1774 ep.
784 1690 810 1771 1,
839 1689 869 1766 3,
897 1689 939 1753 35
969 1689 1099 1776 indigni
1128 1689 1274 1754 fraterna

162 1812 311 1877 rumpere
341 1789 457 1856 foedus
486 1789 521 1875 (i.
550 1813 579 1854 e.
608 1811 688 1876 quos
716 1812 779 1853 non
809 1787 903 1856 decet
933 1793 975 1873 r.)
1020 1791 1115 1856 Eben
1138 1813 1190 1855 so:
1220 1815 1244 1856 a.

162 1894 221 1959 231
240 1892 369 1957 efftrtirc
392 1890 482 1956 leves
497 1891 635 1977 indigna
658 1891 827 1976 tragoedia
849 1914 974 1960 versus.
1011 1891 1109 1958 Fehlt
1130 1893 1182 1958 bei
1198 1892 1274 1976 virg

163 1992 231 2058 und
254 1995 406 2080 Propera.
450 1993 689 2081 0116111112,
713 1995 744 2074 3,
771 1994 809 2057 14
836 1994 972 2078 indigna
993 2033 1035 2043 -
1058 1995 1163 2059 forma
1188 1996 1274 2083 peri!

163 2106 223 2160 art.
246 2118 309 2160 am.
336 2099 364 2179 1,
379 2095 435 2160 681
464 2094 576 2161 fabula
597 2104 675 2159 nota
696 2095 840 2182 quidem,
864 2095 921 2160 scd
944 2119 1007 2159 non
1024 2095 1161 2181 indigna
1181 2096 1274 2161 refer*

164 2208 239 2264 met.
266 2202 293 2279 1,
316 2199 378 2263 568
401 2197 579 2284 indignave
602 2196 688 2261 laedi
705 2219 810 2261 crura.
844 2198 913 2262 Aus
931 2207 1078 2284 spdterer
1101 2200 1201 2262 Prosa
1219 2198 1274 2261 111·Ι

164 2300 270 2366 nichts
294 2301 400 2382 citirt,
428 2322 487 2364 aus
511 2298 670 2363 Dichtern
691 2320 753 2362 nur
775 2298 857 2364 noch
880 2300 900 2364 3
923 2298 1065 2364 Stellen:
1095 2299 1165 2365 Sil.
1190 2300 1217 2370 2,
1241 2304 1254 2363 1

167 2403 404 2489 indignumque
432 2402 633 2486 sagittae-
659 2421 828 2465 occurrere
850 2399 982 2487 Lyxum
1005 2401 1147 2466 fuderat.
1184 2404 1229 2485 11,
1252 2403 1274 2464 1

109 2588 113 2593 .
165 2502 325 2570 Claudian
348 2526 436 2568 cons.
461 2502 546 2566 Hon.
572 2502 620 2567 18.

178 2612 180 2617 '
250 2610 280 2688 ξ.
302 2607 375 2670 422.
419 2604 539 2670 Curare
560 2625 717 2689 „sorgem
741 2604 811 2668 sich
832 2627 886 2668 um
910 2613 1010 2669 etwas
1034 2606 1223 2670 kiimmem“
1244 2626 1274 2668 rx

171 2710 313 2773 blossem
341 2706 436 2772 Infin.
468 2705 554 2770 steht
587 2705 686 2770 sehon
719 2707 770 2770 bei
805 2706 901 2769 Cato
931 2729 956 2770 r.
985 2730 1010 2770 r.
1044 2709 1101 2771 141
1135 2709 1182 2771 uti
1214 2726 1274 2771 cut

168 2811 322 2892 lustrare,
355 2810 400 2872 ist
431 2808 510 2872 aber
537 2817 628 2872 sonst
654 2829 712 2871 aus
742 2808 800 2871 der
828 2805 914 2871 alten
941 2808 1017 2872 Zeit
1050 2830 1113 2872 nur
1147 2809 1228 2875 noch
1254 2812 1274 2872 1:

167 2910 353 2976 Lucilius
376 2909 637 2994 nachgewiesen:
666 2931 719 2993 ap.
748 2908 816 2972 Cic.
842 2907 882 2972 de
909 2931 955 2973 or.
984 2910 1013 2986 2,
1036 2911 1068 2990 6,
1091 2912 1134 2976 25
1161 2911 1274 2975 Persiu

168 3037 232 3077 non
255 3035 332 3077 curo
362 3012 479 3096 legere.
524 3011 683 3096 Dagegen
713 3009 768 3074 hat
797 3009 940 3075 Cicero
972 3032 1005 3073 os
1034 3010 1158 3098 hmafig,
1187 3031 1274 3077 sowc

168 3115 289 3203 positiv
316 3113 365 3176 als
393 3113 475 3176 auch
504 3112 654 3196 negativ,
688 3110 947 3176 vorherrschend
975 3112 1054 3177 abor
1082 3114 1116 3177 in
1143 3113 1274 3178 letztern

168 3216 275 3281 Falle:
305 3239 334 3301 p.
360 3212 477 3278 Flacco
500 3215 550 3291 27,
580 3214 622 3279 64
649 3216 702 3300 qui
732 3213 827 3279 modo
854 3236 997 3300 unquam
1028 3216 1274 3281 mediocriter!

169 3320 247 3383 istas
270 3319 355 3382 scire
378 3316 516 3379 curavit.
546 3314 622 3377 fam.
646 3316 676 3393 9,
703 3316 750 3398 10,
777 3319 789 3379 1
815 3317 896 3381 nihil
919 3320 1004 3382 enim
1028 3318 1152 3382 Romae
1174 3317 1274 3402 gerit*

169 3420 254 3501 quod
283 3430 315 3483 te
343 3428 453 3505 putem
481 3419 564 3481 scire
592 3439 715 3481 curare.
752 3417 848 3481 Tuse.
877 3421 906 3496 5,
936 3421 974 3482 31
1011 3421 1039 3483 si
1066 3421 1121 3506 qui
1151 3431 1227 3485 sunt
1252 3438 1274 3480 ι

169 3523 332 3587 desertum
361 3520 441 3586 illud
472 3520 696 3585 Carneadeum
725 3529 838 3585 curent
874 3519 1059 3585 defendere.
1104 3545 1137 3606 p.
1165 3521 1274 3589 domo

169 3625 254 3689 hunc
277 3623 378 3708 igitur
402 3661 436 3670 —
464 3622 558 3686 domo
582 3631 614 3685 et
637 3625 743 3708 patria
765 3623 880 3687 cedere
903 3624 1034 3686 curasti.
1068 3623 1160 3687 acad.
1186 3627 1215 3706 1,
1236 3623 1274 3701 2⁴

169 3748 224 3792 rtec
246 3727 334 3791 docti
358 3725 464 3809 legere
487 3734 646 3789 curarent.
691 3722 767 3790 Und
797 3747 832 3789 so
862 3724 921 3787 mit
944 3723 972 3786 N
981 3726 1145 3809 egation
1169 3727 1264 3791 diter

171 3829 233 3892 den
262 3826 409 3891 Briefen:
444 3825 521 3890 fam.
553 3828 579 3904 1,
609 3828 638 3905 9,
668 3829 706 3891 16
734 3849 832 3909 noque
860 3847 938 3890 sane
966 3826 1073 3890 redire
1102 3829 1235 3894 curarit.

172 3930 236 4012 Qu.
260 3932 302 3995 fr.
328 3931 354 4007 1,
381 3933 395 3992 1
420 3933 452 4011 ξ.
478 3929 517 3993 15
544 3929 613 3993 eius
640 3929 873 3993 existimationi
901 3928 1071 3992 consulere
1098 3950 1164 3994 nort
1186 3945 1274 3994 cura

171 4036 200 4111 3,
223 4034 256 4114 4,
278 4033 299 4095 2
322 4053 393 4095 cum
423 4052 483 4116 ego
511 4053 551 4096 ne
577 4052 686 4096 curem
715 4032 838 4112 quidem
866 4029 1001 4095 multum
1030 4053 1138 4117 posse.
1183 4034 1264 4096 aa.

175 4137 224 4214 15,
247 4135 267 4198 2
297 4135 331 4197 in
360 4132 505 4199 Siciliam
532 4134 579 4197 ire
607 4156 672 4198 non
700 4143 802 4197 curat.
839 4136 887 4213 11,
917 4133 968 4213 24,
990 4135 1012 4197 4
1038 4133 1080 4196 ad
1110 4156 1162 4198 me
1191 4131 1273 4197 refe

172 4259 234 4301 non
258 4247 359 4301 curat.
405 4235 617 4319 (Ausserdem
640 4237 757 4300 Aecus.
781 4257 809 4299 c.
833 4235 905 4317 inf.)

260 4336 412 4401 Cornif.
437 4337 479 4401 ad
502 4336 579 4401 Hor.
602 4337 632 4415 4,
648 4338 699 4416 53,
716 4338 757 4401 66
779 4360 838 4402 vos
863 4336 958 4400 liberi
982 4336 1051 4401 sine
1074 4335 1217 4423 periculo
1245 4349 1274 4389 8

174 4461 239 4503 non
259 4439 404 4503 curatis?
