2948 4988
649 329 881 392 -340-

196 497 313 563 Pseud.
340 498 421 563 1085
448 520 523 561 uaur
552 498 665 584 quanti
695 499 794 562 refert
822 498 852 562 ei
879 520 940 562 nec
967 506 1054 563 recte
1081 496 1217 563 dicore?
1253 496 1328 562 eie.

93 598 97 605 ’
196 601 286 681 Brut.
302 600 344 663 29
366 621 471 684 neque
495 596 580 662 enim
597 599 698 664 refert
714 599 840 680 ridere,
863 601 942 682 quid
957 598 1131 664 dicendum
1147 600 1200 664 sit.
1229 597 1330 665 Cael.

194 723 246 788 ap.
270 701 338 766 Cic
362 700 438 765 fam.
461 700 595 783 8,1o,2
617 702 702 787 quod
725 701 862 765 referret
877 703 970 768 scire.
1016 701 1111 765 Doch
1127 700 1233 766 bleibt
1247 699 1332 765 diese

195 801 360 868 Satzlorm
384 801 513 867 tiberall
535 802 647 867 selten.
692 803 785 868 Eben
809 801 990 902 sonerhttlt
1012 824 1047 867 es
1069 801 1139 867 sich
1162 803 1223 867 mit
1243 804 1332 866 inter·

194 910 253 986 est,
276 904 415 969 welches
437 907 497 969 mit
519 905 591 969 dem
615 904 678 970 101.
703 915 771 969 erst
792 904 845 969 bei
869 906 1014 969 Cicero
1037 905 1182 972 austritt:
1206 903 1247 968 de
1268 904 1331 966 inr.

199 1010 226 1086 1,
250 1007 288 1070 21
320 1028 394 1071 cum
418 1044 455 1053 —
479 1018 592 1071 nostra
624 1006 706 1071 nihil
740 1008 875 1071 interest
907 1009 1024 1071 iterum
1056 1016 1115 1071 aut
1148 1007 1213 1070 alio
1241 1004 1332 1069 modo

195 1129 335 1173 narrare.
373 1109 465 1172 Brut.
490 1113 519 1189 ξ.
542 1109 604 1173 2ὀῖ
629 1110 684 1173 sed
710 1110 959 1173 Atheniensium
982 1129 1111 1195 quoque
1141 1106 1216 1194 plus
1238 1108 1332 1171 intor-

196 1210 259 1275 fuit
281 1210 375 1274 firmo
397 1220 483 1276 tecta
505 1211 538 1274 in
562 1208 735 1274 domiciliis
759 1209 879 1274 habere
901 1230 997 1295 quam
1012 1207 1183 1274 Minervae
1206 1209 1331 1293 signum

195 1334 236 1376 ex
265 1310 361 1375 ebore
389 1310 656 1396 pulcherrimum.
692 1310 747 1374 fiu.
776 1312 807 1391 2,
835 1311 877 1374 22
911 1311 1046 1374 interest
1073 1310 1218 1375 omnium
1247 1319 1332 1375 recte

194 1413 313 1478 facere.
337 1410 423 1497 legg.
436 1413 466 1493 2,
486 1415 536 1495 Ῑό,
550 1412 591 1476 38
614 1412 849 1498 civitatumque
873 1413 933 1478 lroc
949 1411 1123 1477 multarum
1148 1412 1181 1476 in
1197 1413 1415 1483 Graecia-

194 1515 345 1579 interluit
367 1515 536 1600 antiquum
553 1535 668 1578 vocum
691 1535 884 1577 conservare
906 1514 1038 1578 modum
1062 1518 1122 1592 (wo
1138 1512 1236 1578 Halm
1253 1511 1422 1587 churz,

192 1617 308 1681 Grund
336 1617 503 1700 corrigirt:
537 1617 750 1695 conservari).
807 1615 898 1706 Weit
925 1615 1195 1705 gebrauchlioher
1224 1637 1430 1691 waret-

192 1717 276 1782 auch
300 1717 352 1782 bei
375 1717 499 1782 diesem
521 1716 665 1781 Verbum
694 1717 816 1781 andere
845 1718 872 1782 F
873 1740 984 1782 ormen
1013 1718 1071 1782 des
1100 1715 1321 1782 Nebensataes
1373 1770 1406 1785 ..

192 1818 391 1884 namentlich
419 1819 478 1883 der
505 1820 623 1882 Accua.
654 1840 681 1881 c.
710 1818 770 1884 int.
800 1817 868 1883 und
891 1819 945 1883 die
971 1819 1130 1884 indirecte
1153 1817 1271 1904 Frage.
1294 1779 1462 1879 -ss

193 1920 301 1985 Ueber
322 1926 358 1984 ut
380 1920 433 1983 bei
456 1919 574 1984 beiden
598 1919 717 1985 Verbis
746 1944 771 1985 s.
794 1924 824 2002 ξ.
846 1921 919 1999 404,
942 1921 973 1986 6.

277 2021 326 2085 12.
364 2021 502 2104 Expedit
523 2043 549 2086 c.
573 2020 631 2085 inl.
656 2024 698 2086 ist
721 2021 840 2105 selten,
862 2024 942 2088 aber
963 2025 997 2086 in
1019 2022 1105 2110 allen
1127 2022 1244 2088 Zeiten
1260 2044 1463 2092 sorr-r.

191 2121 335 2187 handen:
360 2122 456 2188 Cato
471 2147 494 2186 r.
511 2145 536 2187 r.
553 2123 573 2187 9
588 2123 675 2209 quod
691 2120 800 2189 ubivis
816 2117 951 2212 expedit
967 2124 1084 2189 lacere.
1119 2124 1407 2209 Pompeio-—
1451 2157 1464 2196 ς

191 2247 242 2312 ap.
267 2224 334 2290 Cic.
352 2227 421 2290 Att.
438 2226 468 2307 8,
487 2226 527 2289 12
542 2225 605 2291 02
626 2247 732 2313 neque
755 2248 797 2291 ex
812 2228 963 2291 omnibus
985 2225 1116 2312 oppidis
1138 2227 1463 2294 contraham-e

190 2329 300 2414 copias
323 2327 466 2413 expedit.
511 2329 583 2391 Aus
601 2327 742 2392 Cicero
765 2329 868 2392 selbst
890 2329 980 2391 citirt
1002 2325 1164 2412 Georges:
1190 2327 1246 2415 qui
1267 2348 1459 2393 orm·

191 2431 267 2493 nino
291 2430 402 2492 vivere
425 2429 581 2514 expedire
604 2430 724 2492 nemini
749 2438 851 2515 putat.
897 2429 981 2495 Liv.
1007 2429 1036 2512 9,
1063 2429 1112 2507 14,
1136 2429 1157 2493 6
1186 2429 1297 2516 expedi
1400 2452 1457 2492 a

191 2529 248 2594 bat
280 2529 443 2593 simulare.
488 2530 541 2613 25,
572 2531 602 2612 Ἰ,
635 2530 673 2593 12
704 2552 764 2595 nec
794 2531 876 2616 ipsis
910 2550 970 2594 neo
998 2530 1189 2595 civitatibus
1223 2552 1380 2595 eona...
1402 2553 1452 2593 10

189 2630 304 2695 saliere
327 2631 494 2695 Romanos·
513 2630 720 2715 expediebat.
744 2669 785 2678 —
807 2630 917 2696 Ueber
940 2633 1071 2717 expedit
1092 2637 1129 2697 ut
1156 2654 1183 2696 s.
1206 2633 1279 2712 404,
1405 2631 1447 2693 9.

275 2733 425 2797 Corrduet't
445 2753 510 2811 „es
534 2733 656 2795 niitzt“
684 2732 770 2795 steht
792 2743 860 2795 erst
884 2735 935 2797 bei
959 2733 1111 2797 Coruif.
1134 2734 1176 2797 ad
1200 2734 1277 2799 Her.
1395 2731 1441 2806 3,

188 2836 220 2913 5,
243 2835 263 2897 9
285 2832 440 2899 conducit
464 2831 611 2918 exempla
635 2832 791 2918 proferre.
836 2834 915 2898 Cic.
938 2834 991 2898 off.
1015 2837 1045 2915 3,
1068 2836 1121 2913 23,
1144 2835 1187 2899 90
1207 2835 1350 2922 patrk-
1365 2850 1437 2891 fle

188 2959 217 3000 e.
242 2937 311 3022 pios
334 2936 423 2998 cives
452 2934 634 3025 haberem
657 2946 818 3021 parentes.
864 2935 962 2999 Sonst
989 2935 1072 3000 wird
1100 2937 1208 3001 nichts
1235 2948 1430 3020 ange·

188 3037 280 3100 ftihrt
300 3058 414 3100 ausser
436 3039 541 3100 eincru
564 3035 708 3100 falscheu
733 3037 822 3102 citat
844 3059 902 3100 aus
925 3035 1051 3102 Plinius
1076 3039 1130 3103 bei
1152 3037 1261 3103 Klotz.

276 3138 326 3203 13.
370 3141 485 3202 Attiuet
511 3137 579 3202 und
612 3140 754 3220 pertinet.
803 3140 955 3205 Erstcres
988 3139 1152 3205 erscheint
1181 3151 1249 3205 eret
1278 3130 1420 3200 bei

189 3237 328 3304 Cicero
351 3240 417 3303 und
440 3262 527 3304 zuar
549 3240 657 3324 negirt
679 3240 759 3305 oder
779 3240 828 3303 als
844 3240 950 3324 Frage
972 3242 1006 3305 in
1028 3242 1216 3325 negativem
1231 3241 1330 3307 sin-
1346 3249 1415 3293 11⁰

190 3363 247 3421 „cs
269 3343 314 3405 ist
336 3350 478 3423 unuiitz,
503 3364 569 3405 was
586 3350 679 3406 nlitzt
702 3347 775 3405 es“:
799 3341 890 3405 Lael.
909 3344 944 3405 11
970 3344 1048 3424 quid
1061 3345 1173 3409 attinet
1195 3343 1383 3408 dicer-e
1396 3326 1411 3387 l

188 3443 229 3505 de
264 3443 331 3508 fato
359 3445 379 3506 3
412 3443 488 3529 quid
523 3446 641 3508 attinet
670 3442 856 3508 inculcare?
896 3442 947 3507 off.
981 3446 1009 3525 l,
1038 3445 1076 3508 31
1113 3466 1212 3527 acque
1244 3434 1403 3508 etnim

189 3545 306 3609 attinet
328 3556 462 3608 naturae
490 3567 683 3632 repugnare.
717 3546 773 3609 fin.
796 3546 826 3628 4,
849 3546 891 3611 22
918 3545 997 3631 quid
1027 3548 1160 3611 attinuit
1187 3571 1259 3611 curu
1335 3527 1400 3596 ἥθ’

190 3683 227 3692 -
253 3644 463 3731 discrepare?
506 3647 591 3711 Liv.
616 3650 646 3729 6,
670 3648 711 3712 26
743 3649 868 3711 revicta
896 3647 993 3712 rebus
1023 3649 1132 3713 verbis
1161 3648 1396 3713 confutare

188 3748 270 3813 nillil
292 3750 417 3812 attinet.
455 3750 507 3827 31,
529 3749 571 3814 25
600 3750 634 3813 ld
663 3749 795 3836 quidem
824 3770 1000 3833 coarguere
1025 3787 1063 3796 -
1086 3749 1169 3813 nihil
1191 3750 1389 3817 01110431Ὃ

187 3858 290 3913 ratus.
336 3848 510 3929 Quintil.
534 3851 563 3929 2,
589 3853 637 3930 15,
661 3852 702 3917 37
725 3873 798 3914 nam
822 3872 932 3914 omnes
955 3851 1085 3936 quidem
1108 3853 1260 3940 persequi
1286 3852 1381 3909 πθ·

160 3961 165 3970 “
187 3973 250 4037 que
272 3953 389 4024 attinet
404 3973 507 4038 neque
530 3974 672 4038 possum.
710 3951 909 4018 Ausserdem
925 3952 1027 4017 findet
1049 3951 1119 4018 sich
1136 3953 1370 4020 doracenus·

188 4076 215 4116 o.
240 4052 298 4117 inf.

271 4155 413 4220 Pertinet
433 4156 520 4219 steht
549 4158 610 4221 mit
637 4156 778 4221 blossem
806 4155 903 4220 Infin.
931 4179 993 4221 nur
1021 4155 1074 4222 bei
1104 4156 1257 4224 Cernis.
1282 4132 1356 4216 gd
1468 4232 1471 4237 ,

187 4255 266 4319 Her.
287 4256 318 4337 4,
340 4257 381 4320 21
405 4279 491 4338 rem,
519 4280 616 4342 quam
639 4281 703 4322 non
726 4260 888 4344 pertineat
909 4260 981 4324 aliis
1005 4260 1187 4325 ostendere.
1231 4245 1351 4326 Son&¹
1456 4320 1469 4339 .,

185 4358 245 4422 mit
267 4358 385 4421 Aecus.
412 4380 439 4420 c.
464 4359 523 4422 inf.

273 4459 321 4522 14.
369 4457 472 4523 Unter
507 4458 570 4523 deu
606 4461 876 4547 unpersdnlichen
909 4462 1046 4545 Verbis,
1083 4462 1208 4531 welche
1243 4482 1329 4549 „ger
