2924 4994
613 295 845 360 -632-

157 463 293 529 sonders
317 463 428 550 haufig
451 466 495 528 im
519 464 638 549 Dielog
662 464 721 528 der
736 465 896 529 Komiker
917 463 985 528 und
1008 462 1085 549 geht
1109 464 1200 532 (lanu
1226 486 1279 528 aur

157 567 190 630 in
213 566 267 630 die
289 564 473 630 klassische
493 567 559 631 und
581 575 710 653 spittere
727 565 871 652 Sprache
894 564 985 648 iiber,
1009 588 1058 631 wo
1074 566 1123 630 sie
1147 576 1276 632 zerstre

157 668 330 751 erseheiut,
353 667 552 733 namentlioh
574 670 618 732 im
641 669 867 733 oratorischen
890 667 961 735 Stil.

242 767 368 834 Plaut.
391 769 512 857 Amph.
536 770 599 835 693
624 773 680 858 qui
702 772 786 835 istuc
809 769 895 857 potis
918 781 968 834 est
989 770 1075 851 fieri,
1102 792 1254 857 quaeso,

157 871 256 936 dicis:
278 873 343 935 iam
368 870 506 950 dudum,
530 871 652 936 modo?
679 873 690 957 ΙΙ
717 872 807 954 Quid
831 872 917 935 enim
939 870 1077 935 censes?
1098 881 1134 937 te
1156 882 1195 937 ut
1220 870 1277 936 del

78 1060 81 1064 Ι
157 974 232 1038 dam
261 983 388 1058 contra,
416 973 556 1038 lusorem
584 975 715 1039 meum?
751 974 862 1058 (Sinm
889 973 964 1057 „du
986 973 1131 1039 muthest
1154 977 1219 1040 mir
1242 973 1279 1039 al:

157 1098 209 1158 zu,
233 1075 309 1139 dass
333 1075 385 1139 ich
408 1074 485 1140 dich
508 1075 689 1140 tttusche?“
712 1074 816 1142 Oder:
841 1075 924 1159 „das
947 1076 1050 1141 heisst
1071 1077 1143 1140 also
1167 1077 1232 1141 mit
1256 1098 1278 1140 a

156 1177 257 1241 deren
279 1176 434 1242 Worten:
465 1177 517 1241 ich
546 1177 612 1242 will
641 1176 716 1242 dich
745 1174 965 1263 ttuscbcn?“)
1009 1177 1132 1243 Bacch.
1159 1178 1224 1242 195
1254 1202 1279 1243 s«

156 1290 192 1344 tu
216 1277 293 1365 quid
318 1278 476 1343 factitasti
498 1278 661 1346 mandatis
685 1278 833 1364 super?ll
857 1277 973 1363 Egone
995 1285 1031 1344 ert
1054 1317 1091 1327 -
1116 1300 1184 1344 non
1208 1280 1279 1367 imp

156 1390 279 1445 tratum
308 1379 343 1444 id
366 1380 552 1445 advenienti
582 1383 610 1445 ei
639 1379 834 1445 redderem?
866 1381 984 1465 („Also
1014 1383 1134 1444 meinst
1162 1382 1229 1464 du,
1259 1383 1279 1444 ir

157 1482 248 1547 hetto
270 1504 304 1546 es
332 1481 423 1547 nicht
451 1481 682 1568 zuriiekgehen
713 1480 881 1568 sollen?“)
925 1481 1039 1548 Durch
1069 1488 1106 1547 ut
1127 1504 1196 1548 non
1228 1484 1279 1548 wir

158 1584 217 1647 der
249 1585 459 1650 consecutive
491 1583 571 1649 Sinn
604 1584 663 1649 der
696 1586 804 1670 Frage
835 1584 991 1649 deutlich.
1035 1586 1099 1650 375
1135 1606 1244 1669 egone
1276 1608 1279 1620 ⁴

154 1685 235 1748 haee
257 1685 410 1750 conclusa
432 1696 557 1770 gestem
578 1685 784 1751 clanculum?
808 1697 843 1751 ut
859 1686 960 1750 celem
983 1694 1110 1772 patrem
1134 1697 1195 1750 tua
1218 1685 1279 1771 flag

154 1784 224 1852 tia?
256 1786 341 1851 Rud.
368 1787 448 1851 1062
470 1790 613 1853 animum
638 1790 774 1853 advorte
796 1810 834 1852 ao
856 1789 968 1872 taccu
992 1787 1092 1852 Utine
1115 1789 1195 1851 istic
1219 1789 1279 1876 prii

157 1888 271 1952 dicat?
296 1889 307 1972 l
333 1888 440 1969 Audi,
474 1889 605 1977 loquere
633 1901 679 1954 tu.
720 1892 852 1954 Andere
882 1911 946 1953 von
976 1888 1018 1956 G.
1046 1887 1170 1953 Mliller
1201 1891 1279 1954 citir

156 1987 281 2054 Stellen
304 1988 361 2053 des
385 1988 519 2056 Plautus
543 1990 632 2056 sind:
657 1991 732 2055 Aul.
748 1992 780 2073 4,
798 1992 826 2074 7,
844 1991 865 2054 9
887 2012 992 2074 egone
1013 2000 1051 2055 ut
1073 2000 1105 2056 te
1128 1990 1279 2056 advorsu:

156 2089 319 2155 mentiar?
350 2091 446 2155 Cure:
470 2093 542 2158 616.
565 2093 655 2160 Pers.
674 2093 744 2157 132.
768 2092 837 2156 Mil.
853 2092 926 2157 963.
951 2092 1070 2156 Pseud.
1086 2092 1162 2158 516.
1187 2093 1279 2158 Baeei

155 2193 228 2258 637.
251 2192 345 2258 Asin.
361 2192 433 2258 884.
463 2193 554 2258 Trin.
579 2194 650 2262 749,
680 2194 781 2258 Mero.
804 2194 877 2258 576.
909 2195 978 2258 Aue
1001 2193 1173 2258 Terens:
1199 2193 1279 2258 And:

155 2295 218 2358 263
246 2295 318 2358 eine
352 2316 413 2378 ego
435 2304 472 2359 nt
499 2294 680 2360 adversor?
709 2296 782 2360 618.
817 2295 900 2359 Eun.
927 2296 985 2358 771
1011 2295 1152 2360 hancine
1181 2318 1243 2381 ego
1269 2318 1279 2358 ι

155 2396 384 2461 contumeliam
413 2397 446 2460 in
474 2418 526 2460 me
553 2396 737 2483 accipiam?
772 2397 903 2462 Phorm.
926 2396 999 2461 669.
1028 2397 1102 2463 875.
1136 2398 1209 2463 955.
1233 2396 1279 2462 99

156 2498 275 2562 Heaut.
299 2499 372 2562 784.
398 2498 491 2563 1050.

241 2600 300 2663 Bei
323 2600 464 2664 Cicero
492 2601 546 2664 hie
573 2601 639 2664 und
669 2602 711 2664 da
740 2601 784 2663 im
807 2600 916 2665 Affect
944 2599 1002 2663 der
1024 2599 1134 2665 Rede:
1159 2601 1252 2665 Verr.

156 2703 205 2782 10,
229 2703 270 2764 26
293 2712 397 2767 totum
420 2703 532 2766 recita.
564 2702 733 2785 (Edictum
758 2702 798 2765 de
821 2701 942 2768 iudicio
966 2703 1000 2765 in
1023 2703 1216 2786 octuplum.)
1245 2702 1265 2767 J

154 2802 239 2867 dicio
274 2813 310 2867 ut
343 2813 452 2867 arator
485 2803 700 2868 decumanum
733 2805 969 2889 persequatur?
1017 2804 1143 2887 („Also
1178 2804 1279 2869 dana·

154 2904 215 2968 soll
240 2904 342 2990 -?“)
374 2903 470 2969 Catil.
490 2909 517 2988 l,
533 2905 562 2988 9,
578 2905 620 2968 22
642 2927 837 2992 quamquam
860 2906 939 2991 quid
961 2903 1103 2993 loquor?
1133 2916 1166 2970 te
1188 2918 1224 2972 ut
1237 2904 1279 2970 ul

153 3012 205 3070 res
229 3006 387 3090 frangat?
419 3017 453 3070 tu
475 3016 511 3070 ut
533 3029 674 3091 unquam
698 3017 729 3071 tc
753 3006 925 3092 corrigas?
949 3017 985 3071 tu
1007 3019 1043 3072 ut
1066 3006 1169 3072 ullam
1193 3009 1279 3093 fuga·

153 3107 334 3172 meditere?
371 3118 406 3172 tu
435 3119 471 3173 ut
497 3108 600 3172 ullum
628 3108 762 3173 exilium
791 3108 940 3193 cogites?
986 3114 1017 3191 ξ.
1046 3110 1090 3174 24
1119 3122 1154 3175 tu
1182 3121 1218 3174 ut
1245 3108 1279 3172 it

154 3231 265 3273 carere
293 3210 416 3273 diutius
445 3209 576 3296 possis?
605 3233 636 3296 p.
660 3211 744 3274 Sest.
769 3212 803 3287 7,
832 3213 866 3275 17
891 3212 1026 3275 hoccine
1050 3222 1086 3276 nt
1110 3234 1170 3298 ego
1193 3229 1279 3298 appe

154 3309 217 3374 lem
240 3313 371 3377 nomine
394 3334 562 3376 eversores
586 3311 811 3398 reipublicae?
843 3312 942 3378 Tuae.
958 3313 989 3395 2,
1009 3313 1058 3397 18,
1074 3315 1118 3378 42
1139 3314 1200 3378 nisi
1223 3335 1267 3398 qu

155 3414 204 3476 vis
226 3413 269 3476 ad
291 3414 380 3477 haee.
421 3415 461 3477 A.
485 3413 599 3499 Egone
622 3425 656 3478 ut
680 3425 711 3478 ts
733 3413 963 3501 interpellem?
994 3416 1224 3498 Α11.15,4,3.

239 3514 361 3579 Weder
393 3515 446 3579 bei
476 3517 599 3580 Caesar
626 3517 710 3581 noch
744 3517 796 3580 bei
825 3516 963 3601 Sallust3
998 3519 1085 3581 daun
1120 3516 1263 3583 iiberhau

153 3614 267 3679 selten.
299 3616 391 3680 Hor.
415 3627 476 3681 sat.
499 3618 529 3697 2,
552 3618 582 3700 5,
608 3619 646 3682 18
669 3629 747 3683 utne
768 3629 877 3705 tegam
901 3641 1019 3705 spurco
1043 3620 1171 3684 Damae
1193 3619 1279 3683 latua

152 3716 251 3782 Haud
273 3719 320 3782 ita
342 3718 460 3783 Troiae
483 3741 534 3782 me
556 3720 655 3804 gessi.
692 3743 740 3806 ep.
768 3724 800 3798 1,
826 3722 881 3803 18,
908 3723 946 3785 16
969 3721 1096 3788 scilieet
1119 3727 1155 3787 ut
1174 3741 1237 3786 noa
1256 3736 1279 3781 ε

152 3821 231 3884 mihi
254 3823 358 3907 prime
381 3821 462 3884 fides
486 3831 518 3884 et
540 3843 616 3886 vere
632 3822 720 3907 quod
735 3822 844 3908 placet
867 3833 902 3887 ut
926 3846 989 3888 non
1008 3826 1129 3889 acriter
1145 3821 1279 3887 clatrert·

155 3959 192 3969 —
216 3921 276 3986 Bei
292 3923 440 4000 Livius
464 3923 496 3986 in
514 3923 638 4006 Redeu,
661 3924 740 3988 aber
763 3947 825 3989 nur
847 3927 929 3990 nwei
945 3925 1029 3990 Mal:
1054 3923 1279 4009 4,2,1211111

152 4032 189 4086 ut
211 4023 343 4108 impune
367 4061 404 4070 -
423 4027 585 4089 concitent
600 4025 740 4090 finitima
758 4026 854 4107 bella,
880 4027 1000 4092 deinde
1017 4066 1055 4076 —
1081 4029 1200 4092 armari
1221 4027 1279 4089 eiu

152 4133 252 4187 tatem
281 4123 479 4212 defendique
507 4127 700 4213 prohibeant
730 4138 763 4192 et
786 4167 824 4176 —
849 4131 1015 4194 exercitus
1045 4130 1209 4196 conscribi
1235 4148 1279 4192 nc

154 4225 344 4307 patiantur?
377 4228 414 4309 5,
437 4228 492 4305 24,
521 4230 559 4292 10
580 4231 743 4294 victamne
767 4243 804 4296 ut
826 4233 1001 4317 quisquam
1025 4233 1156 4299 victrici
1179 4230 1279 4319 patri:

156 4325 335 4406 praeferret
367 4329 553 4417 sineretque
587 4332 741 4397 maiorem
775 4335 940 4398 fortunam
975 4337 1080 4420 captis
1115 4356 1185 4399 esse
1210 4323 1279 4396 vei

154 4446 249 4505 quam
272 4427 488 4496 ineolhmibus
511 4433 632 4498 fuerit?
