2948 4988
672 253 902 318 -281-

305 424 454 492 Monere:
476 424 561 493 cie.
576 422 649 490 Cat.
664 423 696 505 2,
719 423 740 487 9
762 443 816 487 eos
837 420 897 485 hoc
920 439 1045 502 moneo,
1069 418 1220 484 desinant
1242 418 1358 483 furere.

169 524 299 611 Vgl.
321 527 404 592 oben
425 535 523 592 unter
546 526 742 591 denuntiare.
1308 581 1312 589 ,

306 627 435 693 Necesse
455 633 515 693 ast:
552 626 632 691 Cic.
657 625 698 690 de
721 647 767 690 or.
793 626 821 702 l,
846 623 894 705 12,
918 624 960 687 50
984 631 1042 686 aut
1069 620 1159 686 nulla
1186 623 1240 687 sit.
1285 619 1361 684 Und

161 730 234 792 δί’
235 739 319 794 ter.
362 729 453 793 Hor.
477 737 538 794 sat.
563 730 592 810 1,
613 728 645 809 3,
670 729 729 790 111
753 725 887 789 fateare.
924 724 1015 809 Nep.
1042 724 1091 806 15,
1117 724 1166 805 10,
1188 723 1209 785 2
1231 722 1360 787 immor-

159 829 299 894 talis
320 831 370 901 sit.

307 929 468 996 Nuntiare
488 937 556 994 erst
580 929 631 993 bei
652 927 743 997 Tac.
758 950 832 994 ann.
849 928 878 1010 2,
902 927 943 991 79
966 927 1103 990 Romam
1125 925 1167 989 ad
1189 925 1362 990 dicendam

159 1050 352 1096 causam
382 1033 519 1096 veniret.
571 1033 621 1109 ll,
648 1030 688 1096 37
718 1029 890 1095 dicendam
911 1029 960 1094 'ad
991 1048 1122 1092 causam
1152 1038 1282 1113 postero
1310 1025 1364 1089 die

162 1130 361 1200 adesset.

310 1235 483 1302 obtundere
504 1234 560 1315 „in
580 1232 645 1296 den
658 1231 768 1298 Ohren
789 1231 906 1317 liegen,
929 1230 1056 1296 bitten“
1078 1253 1140 1294 nur
1153 1230 1269 1316 Apul.
1285 1240 1361 1294 met.

167 1328 219 1409 9,
268 1336 320 1401 23
339 1359 404 1402 non
426 1343 535 1401 cessat
556 1335 736 1400 obtundere
757 1371 799 1381 -
821 1343 991 1420 promeret.

312 1438 435 1522 Oportet
461 1437 547 1502 diter
578 1436 632 1501 bei
659 1436 820 1500 Cicero:
857 1435 952 1500 Rosc.
981 1435 1055 1498 Am.
1085 1435 1124 1499 13
1152 1457 1213 1518 ego
1240 1436 1363 1498 crimen

173 1547 351 1613 oportet
371 1537 505 1604 diluam.
549 1558 581 1624 p.
604 1535 692 1602 Cael.
718 1537 758 1601 15
780 1558 863 1623 quac
886 1545 921 1600 tu
942 1573 984 1584 -
1007 1535 1115 1601 diluas
1140 1545 1278 1622 oportet.
1322 1537 1363 1600 de

177 1645 257 1695 0¹·-
300 1643 324 1721 l,
344 1641 364 1705 6
387 1637 572 1705 efflorescat
594 1649 627 1703 et
648 1636 817 1702 redundet.
861 1636 915 1700 fin.
939 1637 970 1720 2,
992 1637 1034 1701 26
1063 1660 1115 1702 me
1141 1639 1249 1724 ipsum
1275 1658 1364 1702 umes

183 1747 290 1818 Op„
312 1763 373 1807 non
395 1762 478 1805 mea.
522 1737 612 1832 Lael.
638 1739 677 1804 18
705 1737 841 1804 accedat
869 1737 933 1802 huc
957 1741 1103 1804 suavitas
1127 1741 1287 1826 quaedam
1310 1762 1361 1826 op.

187 1823 335 1930 Prop.
357 1843 387 1924 2,
410 1842 441 1922 7,
465 1841 505 1905 87
529 1862 656 1905 mecum
677 1841 826 1904 moriaris
849 1863 902 1927 op.
947 1840 1029 1905 Liv.
1051 1841 1080 1921 6,
1107 1842 1145 1906 18
1168 1841 1262 1906 vobis
1285 1841 1366 1907 dent

190 1945 362 2008 mentem
385 1964 438 2028 op.
470 1943 522 2022 22,
537 1942 580 2008 39
601 1941 728 2007 duobus
751 1941 890 2007 ducibus
913 1963 996 2006 unus
1018 1943 1153 2008 resistas
1168 1965 1221 2029 op.
1254 1943 1307 2027 32,
1323 1945 1363 2007 21

194 2045 280 2102 aut
305 2045 406 2109 socios
428 2046 486 2108 aut
508 2042 616 2109 hostes
639 2042 789 2107 habeatis
812 2065 864 2129 op.
886 2079 929 2091 -
951 2044 1042 2108 Aber
1064 2063 1142 2127 opus
1162 2050 1206 2109 est
1227 2066 1290 2108 nur
1311 2047 1364 2109 ein

197 2124 296 2208 Mal
321 2146 373 2212 bei
402 2143 502 2210 Plin.
526 2166 576 2230 ep.
600 2144 631 2228 9,
653 2145 705 2225 33,
730 2143 768 2208 11
797 2166 862 2209 555
890 2154 940 2209 est
970 2166 1051 2230 opus
1078 2144 1217 2231 affingas
1238 2144 1363 2232 aliquid

199 2248 279 2306 aut
303 2247 462 2313 adstruas.

311 2347 426 2433 Optare
454 2346 539 2412 wird
568 2369 629 2411 nur
656 2367 716 2410 aus
745 2345 1037 2411 Dichtern‘citirt:
1075 2348 1179 2432 Virg.
1203 2349 1245 2412 Α.
1268 2348 1300 2431 4,
1322 2348 1366 2412 24

205 2444 292 2528 8911
310 2451 387 2515 mihi
416 2447 471 2513 vel
498 2446 594 2513 tellus
619 2456 727 2534 optem
750 2448 840 2533 prius
863 2449 929 2511 ima
951 2449 1108 2512 dehiscat.
1153 2448 1259 2515 Ovid
1281 2451 1363 2514 trist.

207 2534 250 2621 2,
276 2550 320 2617 57
342 2552 455 2640 optavi
476 2560 603 2636 peteres
626 2549 781 2614 caelestia
803 2549 913 2613 sidera
934 2549 1036 2616 tarde.

311 2651 426 2719 Orare:
459 2651 537 2716 Cic.
562 2653 632 2715 Ast.
655 2650 687 2732 3,
711 2652 728 2714 1
751 2660 784 2714 te
806 2671 862 2716 oro
884 2651 943 2716 des
967 2673 1098 2738 operam
1120 2661 1157 2715 ut
1179 2673 1231 2715 me
1253 2655 1363 2718 statim

211 2758 428 2841 eonsequare.
474 2751 585 2837 Virg.
602 2751 691 2834 Aqs,
715 2751 776 2816 796
799 2752 885 2838 quod
908 2761 1066 2840 superest,
1090 2774 1145 2818 oro
1167 2752 1264 2819 liceat
1286 2755 1365 2820 darc

216 2849 300 2916 luta
328 2877 385 2942 per
412 2855 517 2919 undas
547 2852 621 2918 vols
651 2851 723 2919 tibi.
774 2853 877 2918 Ovid
907 2875 948 2918 ex
970 2855 1065 2919 Pont.
1087 2855 1119 2937 4,
1146 2857 1172 2934 1,
1198 2856 1237 2918 19
1265 2856 1364 2942 idque

220 2944 316 3019 ⁸lnas
336 2978 399 3021 oro.
443 2955 522 3021 Und
551 2955 646 3019 diter.
692 2956 808 3041 Sptter
833 2947 956 3020 wieder
983 2958 1016 3019 in
1038 2957 1153 3020 Prusa:
1191 2957 1291 3022 Plin.
1315 2981 1364 3046 ep.

225 3040 252 3124 ll,
284 3053 337 3136 20,
364 3057 404 3121 12
434 3066 503 3120 tum
529 3066 633 3120 mater
659 3077 767 3140 orare,
795 3055 936 3138 hortari,
966 3056 1078 3121 iubere
1106 3077 1235 3142 quoquo
1268 3060 1364 3125 modo

229 3142 381 3234 lugerem.
425 3158 515 3222 Tac.
539 3179 613 3222 ann.
637 3158 667 3240 3,
693 3159 744 3240 16,
767 3181 823 3226 oro
848 3196 887 3206 —
911 3159 1099 3224 consuletis.

319 3257 424 3343 Pepipi
451 3281 514 3322 nur
541 3258 594 3323 bei
622 3257 711 3322 Tac.
735 3282 810 3324 ann.
836 3261 885 3342 12,
911 3261 951 3325 15
978 3261 1132 3346 pepigere
1159 3260 1298 3328 certaret
1327 3303 1363 3312 —

240 3367 443 3508 lppcsserent.
489 3360 574 3443 (Das
597 3360 755 3425 Praesens
774 3363 900 3445 pacisce
928 3361 984 3426 hat
1015 3361 1117 3427 echon
1139 3362 1283 3430 Naevius
1305 3367 1365 3430 mit

259 3468 311 3520 0111
329 3461 431 3548 Oonj.)

287 3617 294 3629 .
320 3560 425 3628 Patior
452 3565 536 3627 nach
558 3562 721 3649 Analogie
749 3587 813 3629 von
839 3567 923 3647 sino,
951 3566 1030 3629 aber
1058 3586 1120 3628 nur
1147 3565 1267 3652 Apul.
1291 3581 1364 3635 met.

253 3652 275 3732 l,
291 3654 327 3724 23
344 3664 472 3730 tandem
493 3666 616 3750 patitur
640 3665 784 3730 cubitum
806 3667 1017 3730 concederem
1040 3665 1230 3751 (Hildebr.).

321 3762 496 3831 Permittcre
528 3776 595 3830 crst
627 3767 680 3832 bei
709 3767 803 3832 Sall.
829 3768 967 3833 (15145
994 3770 1041 3832 ita
1068 3778 1167 3852 agant
1196 3773 1365 3854 permittit.

260 3854 333 3927 llum
349 3867 438 3933 nicht
452 3864 558 3932 selten
573 3869 640 3931 und
657 3891 745 3932 zwar
760 3871 794 3933 in
809 3870 968 3954 gewisscn
982 3869 1128 3934 Phrasen
1144 3870 1197 3934 bei
1209 3871 1365 3937 Livius:

260 3957 396 4050 21145
427 3969 469 4033 dc
495 3990 533 4033 eo
561 3971 755 4056 permissum
784 3971 848 4057 ipsi
877 3982 960 4055 erat,
991 3970 1114 4036 laceret
1141 3970 1227 4054 quod
1257 3993 1274 4035 e
1297 3994 1364 4057 rep.

262 4061 363 4133 duceret
382 4092 463 4134 esse.
497 4069 549 4150 24,
567 4070 616 4154 16,
634 4072 670 4134 17
695 4083 726 4136 51
742 4073 911 4137 Gracchus
932 4074 979 4138 ita
1001 4072 1158 4160 permisit,
1179 4073 1212 4135 iu
1234 4074 1365 4159 publico

257 4167 434 4251 epularentur
455 4192 578 4236 omnes.
623 4171 674 4253 27,
699 4175 746 4254 10,
769 4175 790 4236 2
811 4175 1005 4261 permissum
1028 4173 1069 4237 ab
1092 4181 1208 4236 senatu
1230 4174 1269 4237 iis
1291 4198 1365 4239 cum

255 4279 334 4352 esset,
360 4274 504 4338 lacerent
533 4282 749 4360 agarentque,
777 4285 813 4339 ut
834 4298 852 4340 5
874 4298 942 4362 rep.
966 4276 1132 4340 ducerent.
1176 4274 1227 4353 27,
1250 4275 1301 4357 22,
1328 4280 1361 4340 11

258 4373 485 4463 supplementum
510 4412 550 4422 -
574 4377 754 4442 scriberent
777 4377 926 4443 consules
949 4379 1152 4465 permissum.
1196 4376 1249 4460 33,
1272 4378 1324 4462 43,
1347 4380 1364 4444 7

309 4486 424 4537 nrmn,
438 4489 492 4529 hist.
507 4490 596 4540 syntax
610 4488 651 4528 der
664 4489 705 4529 lat.
720 4489 768 4536 spr.
789 4489 820 4529 11.
1165 4482 1197 4532 13
