2948 4988
624 288 834 350 ..ῑῖ-

247 442 296 504 12.
333 441 401 504 Xer
428 439 478 503 als
502 439 723 524 forteetzung
745 462 809 502 ron
830 441 935 502 einem
958 436 1246 523 roraul'geluendon
1266 460 1306 504 tte

162 580 199 588 -
223 543 346 623 quidem
368 542 452 605 wird
475 564 539 604 nur
558 563 618 604 aue
641 541 782 604 Livius
804 541 911 604 citin:
936 544 965 619 1,
985 541 1018 621 3,
1036 541 1060 603 4
1079 552 1116 604 ut
1136 562 1180 605 ne
1200 550 1306 605 morte

161 643 295 730 quidem
317 646 451 706 Aeneae
472 664 533 705 nec
555 641 739 706 deinde-
759 664 892 707 morere
922 663 1014 705 arun
1042 652 1101 705 aut
1120 640 1307 706 Mezentius

157 744 356 830 Etruscique
376 761 434 806 aut
461 742 522 808 ulli
549 744 608 810 alii
630 743 761 808 accolae
787 746 860 808 ausi
887 746 965 807 sint
1007 744 1060 821 413¹,
1080 743 1136 822 25,
1156 742 1179 807 6
1199 753 1239 806 ut
1265 765 1308 807 ne

159 844 316 909 efferendi
338 845 470 932 quidem
493 847 588 929 sigua
604 847 759 909 Romanis
774 848 916 930 spatium
937 867 998 909 nec
1018 845 1061 909 ad
1075 842 1308 931 explicandam

74 948 80 957 '
157 949 261 1011 aciem
284 945 376 1010 loeus
396 964 490 1011 esset.
526 948 578 1013 22.
599 948 652 1011 til.
679 948 718 1009 12
744 968 787 1009 ne
822 945 1008 1010 Weissenb.
1036 949 1104 1027 nor)
1125 947 1215 1009 viros
1238 948 1311 1032 qni·

157 1049 233 1111 dem
255 1070 316 1111 nec
339 1050 502 1112 Romanos
524 1070 584 1112 roe
605 1049 751 1112 duceret.
781 1048 944 1112 [micher
964 1050 1008 1111 iet
1029 1046 1099 1111 Cic.
1121 1046 1179 1111 liu.
1200 1047 1235 1128 2,
1257 1048 1312 1130 21,

158 1150 200 1213 8ῖ
221 1168 320 1234 negat
337 1149 501 1236 Epicurus
524 1172 565 1213 ue
586 1151 835 1214 diuturnitatem
855 1150 987 1235 quidem
1011 1186 1049 1196 -
1066 1170 1128 1213 neo
1148 1149 1312 1213 minorem

158 1264 228 1329 ott,
251 1250 375 1315 welche
396 1250 499 1314 Stelle
519 1249 657 1335 iladvig
678 1251 732 1313 fur
753 1252 936 1314 verdorben
958 1250 1037 1314 hilt.

244 1356 274 1433 ξ.
299 1353 373 1416 319.
418 1351 484 1415 Die
504 1352 676 1415 Aduerbia
706 1356 801 1415 ctione
834 1352 901 1415 und
934 1373 1055 1434 quoqne
1081 1352 1227 1436 genum
1248 1374 1316 1417 nur

159 1455 192 1518 iu
226 1476 264 1517 so
297 1455 370 1517 iem
402 1453 532 1517 hierher
563 1451 612 1516 als
645 1454 695 1516 sie
722 1455 780 1516 mit
808 1453 1018 1541 copulatiren
1045 1453 1313 1540 Coujunctioneu

158 1554 351 1618 verbunden
378 1553 464 1617 sind.
512 1554 620 1619 [eber
647 1562 676 1618 el
702 1554 762 1617 mit
789 1558 885 1619 etium
913 1579 940 1618 e.
962 1559 994 1637 ξ.
1021 1556 1095 1637 313,
1120 1558 1154 1637 13
1177 1554 1262 1619 iiber
1283 1562 1313 1622 el

158 1658 218 1720 mit
239 1678 361 1739 qnoque
386 1654 504 1720 ebend.
531 1655 589 1721 Xr.
612 1657 650 1737 ἒς
677 1662 771 1738 utque
800 1657 858 1720 mit
879 1660 974 1721 dion
996 1655 1075 1720 oder
1095 1678 1218 1739 quoque
1240 1659 1312 1724 und

160 1761 194 1821 in
216 1757 301 1821 alter
315 1758 390 1821 Zeit
412 1778 510 1842 sogar
525 1757 584 1822 mit
603 1756 724 1821 beiden
741 1756 932 1821 Aduerbien
945 1760 980 1821 in
994 1758 1183 1822 demuelben
1197 1758 1312 1843 Satze,

160 1884 186 1922 s.
209 1863 241 1940 ξ.
269 1860 343 1941 315,
364 1860 396 1939 3,
417 1881 450 1922 u.
501 1859 596 1923 Auclt
626 1859 708 1924 fiber
735 1881 789 1923 uer
819 1880 882 1923 uon
909 1860 968 1922 mit
997 1857 1184 1943 folgendem
1211 1864 1313 1928 elium

160 1958 239 2025 oder
261 1981 382 2042 quoque
404 1960 449 2023 ist
471 1964 502 2042 ξ,
523 1960 597 2029 318,
620 1962 642 2023 t
662 1959 847 2044 gebandelt

245 2062 306 2126 Als
333 2059 457 2124 seltene
485 2061 742 2145 l'erbinduugen
770 2060 844 2125 siud
873 2061 1063 2125 ausserdem
1090 2062 1247 2148 fulgendo
1270 2088 1313 2129 zu

160 2163 358 2228 bemerken:

250 2267 278 2328 1.
311 2265 376 2343 (loe
399 2302 437 2311 -
460 2265 573 2328 elium
595 2262 673 2331 Sall.
695 2264 772 2348 Jug.
800 2267 828 2345 l,
848 2263 1090 2353 5multumque
1104 2267 1203 2331 etiam
1225 2269 1315 2354 peri·

162 2364 274 2429 cnloea
295 2378 422 2452 petunt.
465 2363 555 2428 Suet.
571 2365 669 2451 l’esp.
697 2368 735 2428 lt
760 2363 954 2453 dotavitque
973 2369 1071 2431 etiam
1093 2379 1127 2431 et
1142 2369 1319 2436 instruxit:

163 2467 255 2531 ll'eit
275 2464 547 2552 gebriucltliclter
569 2466 612 2530 ist
634 2468 706 2531 hier
718 2467 773 2530 die
787 2468 1009 2555 Anrrendnug
1031 2491 1095 2532 ron
1116 2476 1212 2553 ulmea
1229 2471 1315 2537 oder

163 2569 247 2634 ancli
269 2574 308 2634 el.

247 2672 277 2734 2.
308 2670 505 2754 Negatire
536 2668 782 2734 Ausdrticke
811 2672 871 2735 mit
897 2674 1009 2753 dium,
1037 2695 1088 2736 reo
1109 2695 1185 2739 mau
1207 2695 1249 2739 tte
1270 2713 1315 2724 -

164 2774 287 2855 quidem
310 2771 390 2836 oder
411 2793 450 2836 uc
472 2795 509 2835 tre
530 2809 572 2818 -
594 2773 718 2853 quidem
734 2782 900 2836 erwartet:
923 2773 995 2837 Cic.
1015 2776 1086 2839 Att.
1107 2776 1140 2854 4,
1163 2778 1192 2857 1,
1217 2779 1316 2841 lneo

165 2874 334 2937 fortiorem
356 2894 416 2935 nec
438 2872 681 2958 prudentiorem
697 2895 795 2958 qnam
817 2896 869 2937 me
891 2875 995 2961 ipsum
1013 2897 1067 2940 nee
1087 2879 1183 2942 elion
1203 2915 1248 2925 -
1263 2879 1314 2943 ni·

167 2978 269 3039 mium
295 2975 330 3038 in
358 2972 507 3038 custodia
535 2974 651 3037 salutis
673 2996 764 3037 meae
787 2974 987 3058 diligentem.
1032 2976 1127 3042 Eben
1149 3000 1186 3041 so
1208 2977 1315 3044 Dola·

166 3075 402 3163 bellaap.Cic.
418 3074 486 3139 iam
656 3096 716 3138 nee
731 3078 871 3140 nominis
883 3079 935 3140 sui
949 3099 1009 3141 uec
1023 3090 1316 3164 rerumgestarum

166 3180 273 3264 gloria
295 3198 393 3258 »tonte
412 3179 508 3241 etiam
531 3198 643 3260 regum
667 3179 896 3241 uenationum
925 3179 1096 3243 clientelis.
1139 3181 1234 3246 duob
1259 3182 1316 3247 bei

167 3284 316 3345 Caesar
337 3277 421 3342 nach
444 3276 688 3342 wiederholtem
712 3300 782 3342 uer:
805 3279 837 3342 b.
861 3301 887 3341 c.
914 3283 940 3359 l,
966 3282 988 3346 5
1008 3303 1115 3368 neque
1135 3283 1235 3346 etiam
1258 3306 1316 3348 ex·

167 3389 262 3447 tremi
286 3381 365 3444 iniis
387 3381 620 3444 intercessione
646 3380 820 3445 retinendi.
864 3381 897 3445 b.
919 3404 952 3466 g.
973 3384 1006 3459 5,
1033 3384 1077 3448 52
1098 3381 1187 3469 quod
1207 3381 1316 3450 silvae

167 3481 368 3569 paludesque
394 3480 640 3545 intercedebant
672 3502 779 3567 neque
810 3483 910 3546 etiam
943 3482 1081 3569 parvulo
1115 3483 1317 3551 detrimento

166 3583 296 3647 illorum
311 3583 416 3646 locum
431 3582 572 3669 relinqui
587 3582 732 3647 ridebat.
764 3586 793 3646 b.
815 3606 842 3646 c.
869 3588 897 3665 l,
918 3585 1008 3650 8511]
1031 3608 1067 3649 se
1087 3587 1182 3650 dion
1203 3596 1315 3651 aeeta-

166 3686 209 3748 tin
237 3685 480 3748 excusationem
510 3685 592 3748 nillil
619 3682 739 3747 valere.
790 3685 916 3749 l'arro
945 3708 971 3748 r.
1000 3708 1027 3748 r.
1059 3690 1085 3763 1,
1111 3688 1155 3751 65
1181 3709 1246 3751 non
1275 3725 1314 3736 —

169 3808 274 3872 neque
303 3785 412 3849 etium.
455 3787 486 3863 3,
513 3788 552 3849 16
579 3784 668 3850 nulla
694 3825 727 3833 —
755 3807 858 3872 neque
889 3787 997 3849 etiam.
1041 3786 1103 3851 nit
1125 3786 1315 3871 folgenderu

165 3910 229 3953 non
253 3887 306 3953 bei
328 3886 508 3952 Tacitus:
553 3890 634 3973 Agr.
659 3888 702 3951 13
727 3888 894 3951 extraneis
916 3888 1015 3951 etium
1036 3890 1224 3975 ignotisque
1246 3912 1315 3956 non

45 4006 48 4011 ·
167 3992 238 4053 sine
260 4011 337 4052 curu
358 3989 433 4053 fuit.
468 3989 597 4053 Anders
619 3988 699 4054 Cic.
720 3990 819 4053 Tusc.
857 3989 889 4069 3,
917 3989 960 4052 28
988 3990 1017 4052 si
1054 3990 1155 4073 igitur
1189 3992 1313 4079 deponi

167 4102 290 4178 potest,
313 4092 410 4154 otium
432 4113 497 4154 non
520 4093 642 4178 suscipi
665 4102 772 4177 potest
794 4104 849 4172 (=
873 4089 995 4153 vitarit.
1042 4089 1134 4154 Brut.
1161 4093 1197 4155 l'l
1214 4094 1315 4159 inter-

169 4192 246 4256 dum
280 4191 376 4255 etiarn
405 4215 470 4256 non
492 4192 574 4256 uotis
605 4194 738 4277 apertis.
782 4192 861 4256 Tac.
881 4214 957 4255 auu.
990 4192 1081 4273 13,3
1113 4192 1212 4257 etium
1246 4195 1315 4261 Gai

169 4293 319 4358 Caesaris
351 4295 484 4358 turbata
516 4315 607 4357 utens
640 4293 706 4355 vim
737 4293 870 4356 dicendi
901 4314 966 4356 non
998 4294 1152 4377 eorrupit.
1198 4297 1249 4377 lli,
1272 4298 1317 4362 22

170 4397 311 4459 etiamne
332 4392 474 4458 luctibus
496 4404 529 4457 et
549 4393 715 4459 doloribus
737 4416 802 4459 non
823 4395 969 4458 satiatur.
