2948 4988
618 332 654 339 -.
700 292 763 357 272
807 329 849 338 .-

159 463 252 527 Brut.
267 464 319 541 21,
335 462 376 527 84
398 463 456 527 sed
470 468 515 527 est
536 483 602 527 0100
617 461 784 526 hominum
793 511 802 542 ,
825 475 861 525 ut
875 459 979 524 nolint
994 459 1132 523 eundern
1155 458 1268 544 pluribi

159 565 257 629 rebus
273 562 443 629 excellere.
479 564 573 631 Verr.
589 563 635 646 11,
655 565 668 625 l
692 566 725 643 ξ.
739 562 782 626 66
804 564 938 646 negavit
959 562 1057 626 100110
1076 581 1139 625 esse
1161 558 1267 624 Graec

159 688 247 748 rum,
282 677 317 731 ut
350 667 385 730 in
418 666 570 730 convivio
604 665 748 728 virorum
780 664 1009 728 accumberent
1040 659 1202 726 mulieres.
1258 659 1268 723 1

159 765 248 831 steht
274 772 310 831 ut
342 766 425 830 nach
458 765 630 830 thulicheu
664 767 724 828 mit
757 785 822 829 1100
855 760 1044 848 gebildeten
1071 761 1216 826 Phrasen
1248 761 1268 824 b

160 867 323 930 Livius:
363 866 449 931 hunc
481 866 662 952 antiquitus
695 887 812 930 morem
841 884 979 942 seruarc,
1017 864 1082 927 iem
1119 865 1156 926 in
1188 883 1268 927 more

159 973 300 1048 venerat,
323 989 440 1033 nwrem
454 969 608 1034 traditum
625 967 723 1053 (esse)
738 989 758 1031 0
772 964 960 1030 maioribus.
983 1002 1018 1012 -
1043 964 1065 1030 J
1071 965 1193 1028 nstin.
1216 963 1266 1042 36,

160 1090 289 1152 semper
305 1067 358 1134 hic
380 1090 447 1134 1000
468 1070 555 1156 apud
579 1067 719 1133 iudaeos
740 1069 804 1149 suit
817 1079 854 1132 ut
876 1066 1005 1132 eosdem
1028 1087 1121 1151 reges
1144 1074 1177 1130 et
1199 1086 1268 1128 0000

159 1170 253 1235 (10100
277 1169 441 1235 haberent.
472 1207 512 1217 —
539 1170 630 1234 Aber
658 1168 712 1234 die
741 1167 972 1234 Construction
1001 1190 1064 1233 von
1093 1186 1159 1232 0100
1179 1171 1224 1231 cst
1245 1188 1268 1228 m

159 1273 233 1336 dem
255 1271 353 1337 Infin.
378 1274 513 1356 beginnt
536 1272 657 1337 bereits
679 1270 732 1335 bei
757 1267 880 1335 Sallust
902 1267 969 1333 und
991 1266 1107 1352 virgil.

244 1372 329 1436 Dem
352 1374 532 1459 entspricht
553 1374 739 1438 consuetudo
761 1377 805 1436 est
826 1376 861 1436 ut
883 1371 935 1435 bei
957 1368 1025 1434 Cic.
1041 1368 1171 1433 Vern2
1192 1373 1225 1451 §-
1242 1369 1268 1432 11

161 1483 211 1539 est
225 1473 427 1540 consuetudo
444 1474 629 1542 Siculorum
651 1512 682 1522 -
702 1484 739 1538 ut
754 1493 983 1558 nonnunquam
999 1470 1143 1535 eximant
1163 1471 1268 1557 alique

160 1574 247 1640 diem
270 1598 313 1640 ex
334 1596 456 1640 meuse.
501 1574 592 1641 Lael.
615 1576 636 1640 5
658 1577 826 1640 doctorum
849 1584 898 1639 est
925 1574 1096 1637 10100000.
1119 1582 1157 1636 ut
1185 1573 1226 1637 110
1247 1595 1268 1658 p

160 1686 257 1741 natur
279 1677 319 1741 de
341 1699 404 1763 quo
428 1676 607 1762 disputent.
652 1675 765 1740 Caes.
791 1675 822 1739 b.
845 1697 877 1759 g.
903 1675 932 1754 1,
954 1674 996 1738 43
1024 1673 1136 1760 populi
1159 1674 1197 1742 R.
1220 1674 1268 1738 1101

80 1826 83 1833 .
161 1799 232 1842 esse
248 1777 517 1842 consuetudinem
538 1788 575 1842 ut
591 1815 628 1829 -
647 1776 738 1842 velit.
782 1777 874 1841 Aber
894 1776 979 1840 auch
994 1775 1053 1839 der
1077 1773 1184 1840 blosse
1206 1773 1267 1840 Iufi

161 1878 248 1943 steht
270 1877 370 1943 sehon
392 1878 445 1943 bei
469 1878 538 1942 Cic.
561 1901 593 1943 u.
617 1879 748 1943 Caesar.
772 1915 814 1927 —
837 1876 932 1941 Auch
953 1877 1139 1941 consuetudo
1160 1877 1224 1957 sert
1243 1898 1268 1939 m

161 1978 348 2064 folgendem
370 1984 406 2044 ut
428 1978 510 2043 wird
532 1979 723 2064 angefiihrt‚
745 1979 824 2044 eber
847 1979 931 2043 ohne
948 1976 1154 2062 Belegstelle.
1192 1978 1268 2041 Dan

161 2079 313 2146 schliesst
333 2080 420 2145 sich:
445 2079 526 2145 Cic.
550 2103 582 2167 p.
598 2081 682 2146 Mur.
697 2081 728 2164 2,
748 2082 770 2144 4
791 2085 911 2145 natura
930 2079 993 2159 fert
1013 2088 1051 2143 ut
1072 2079 1268 2143 0101010001

161 2182 216 2269 qui
246 2181 359 2247 eedem
386 2180 531 2268 pericula
560 2220 597 2229 -
627 2181 862 2266 ingrediantur.
890 2203 921 2244 n.
945 2179 976 2244 d.
1004 2179 1034 2260 2,
1057 2180 1107 2260 28,
1133 2181 1172 2244 71
1206 2181 1266 2246 cult

161 2285 296 2349 deorum
319 2288 362 2349 001
384 2285 518 2367 optinuere
541 2282 709 2368 (,‚besteht
731 2283 864 2366 darin“)
880 2319 920 2328 —-
936 2292 971 2345 ut
993 2303 1048 2346 000
1071 2303 1200 2368 semper
1214 2303 1268 2368 pur

163 2387 308 2470 integra,
332 2385 519 2469 incorrupte
541 2395 574 2448 et
596 2393 704 2448 mente
733 2395 765 2449 et
787 2405 867 2449 voce
889 2403 1091 2447 veneremur.
1124 2383 1178 2448 off.
1204 2385 1232 2464 1,
1253 2382 1268 2445 i

160 2487 325 2553 66011010
347 2491 391 2551 001
417 2506 467 2551 res
493 2487 591 2566 („das
620 2488 735 2550 zweite
764 2485 991 2550 Erfurderniss
1012 2484 1094 2568 ist“)
1122 2495 1160 2551 ut
1186 2505 1268 2546 —1

160 2609 255 2672 geres
280 2609 413 2672 magnas
436 2596 493 2652 ctt.
537 2586 626 2652 Stutt
652 2587 728 2652 1000
757 2607 807 2652 res
834 2585 1003 2651 0101111100
1030 2585 1083 2650 bei
1105 2585 1173 2650 610.
1196 2585 1237 2649 (10

160 2689 192 2770 2,
219 2692 247 2770 1,
270 2691 291 2754 4
313 2689 372 2753 sed
394 2689 459 2753 fuit
481 2688 542 2755 hoc
564 2690 598 2752 in
619 2697 757 2774 utroque
780 2709 908 2770 eorum,
930 2701 968 2754 ut
990 2688 1128 2753 Crassus
1151 2709 1217 2753 uon
1238 2697 1268 2749 t=

161 2791 342 2855 existimari
371 2789 470 2855 vellet
503 2813 568 2855 non
601 2789 757 2854 didicisse
791 2811 889 2875 quam
917 2788 975 2853 ills
1006 2790 1184 2875 despicere.
1227 2787 1268 2852 fa

164 2893 211 2969 13,
237 2891 287 2973 19,
311 2892 331 2955 3
353 2896 448 2973 caput
471 2889 551 2955 illud
574 2889 730 2977 001(,,(110
753 2888 965 2977 Hauptsache
987 2891 1069 2974 ist“)
1092 2901 1128 2955 ut
1143 2890 1268 2976 Lysom

162 3030 196 3036 --
229 2991 379 3078 recipias.
435 2991 535 3056 Sonst
567 3002 653 3057 setzt
686 3013 720 3056 er
753 2992 836 3057 nach
868 2990 993 3055 diesem
1025 2991 1210 3077 Hauptsatz
1241 2991 1268 3053 ε’

163 3091 293 3157 blossen
316 3091 474 3159 Infinitiv.

252 3193 373 3259 Vitium
394 3200 494 3260 estut
517 3195 568 3260 bei
592 3194 685 3279 Nep.
710 3194 758 3276 12,
773 3194 804 3275 3,
827 3194 847 3258 3
870 3202 920 3259 001
942 3194 1028 3257 enim
1051 3193 1112 3259 hoc
1135 3215 1268 3260 commu

161 3295 277 3359 vitium
307 3296 340 3359 in
368 3297 494 3381 magnis
524 3295 702 3382 liberisque
729 3295 934 3378 civitatibus,
967 3305 1005 3360 ut
1034 3295 1162 3361 invidia
1183 3296 1268 3382 glor

162 3418 270 3462 comes
293 3399 345 3461 sit.
390 3396 498 3484 (Ganz
523 3397 583 3463 wie
606 3396 707 3461 oben:
735 3418 803 3461 mos
827 3397 903 3480 est.)
954 3395 1032 3461 Und
1059 3420 1097 3462 00
1128 3397 1218 3462 Hor.
1250 3415 1268 3456 ε

164 3499 192 3581 1,
215 3500 244 3580 3,
270 3501 298 3561 1.

245 3598 346 3664 Nicht
361 3599 463 3664 selten
479 3599 565 3664 steht
578 3604 614 3664 ut
628 3599 713 3664 nach
736 3599 841 3663 einem
857 3598 1061 3685 Hauptsetze
1084 3602 1144 3666 mit
1153 3602 1268 3685 1101051

161 3701 222 3766 wic
246 3700 346 3765 sehon
370 3701 421 3765 bei
444 3701 522 3765 Cic.
547 3700 623 3764 sam.
652 3701 700 3781 13,
722 3701 764 3764 39
792 3710 842 3766 001
869 3701 970 3785 igitur
999 3701 1031 3764 in
1061 3711 1117 3766 tua
1142 3709 1268 3790 potest

161 3813 197 3867 ut
219 3800 274 3867 ille
294 3802 329 3866 in
351 3825 402 3866 me
424 3803 506 3867 satis
529 3802 592 3867 sibi
618 3801 776 3889 praesidii
798 3811 892 3888 putet
913 3824 993 3868 esse.
1033 3803 1068 3866 in
1090 3804 1164 3869 Vet.
1191 3806 1249 3884 11,

160 3904 287 3968 000111
314 3905 394 3968 haee
423 3905 511 3990 optio
546 3913 577 3967 et
605 3914 749 3990 potestas
779 3914 834 3968 tua
860 3913 898 3969 ut
920 3942 959 3951 —
984 3902 1099 3969 dicas?
1143 3906 1228 3973 Liv.
1258 3920 1268 3960 τ’

160 4005 191 4085 3,
208 4005 229 4068 4
250 4013 446 4090 potestatem
461 4005 531 4069 fieri
548 4007 632 4069 utin
647 4027 779 4069 numero
796 4004 982 4071 colonorum
997 4016 1117 4070 essent.
1155 4007 1268 4073 Petr·

161 4106 203 4170 70
224 4105 319 4172 nobis
342 4115 537 4192 potestatem
556 4107 629 4187 fecit
650 4118 739 4172 ut-
763 4108 986 4193 probaremus.
1031 4107 1144 4173 Luct.
1169 4103 1268 4192 1,]1,

161 4215 194 4270 01
215 4207 344 4272 dabitur
366 4208 397 4270 ei
420 4217 564 4293 potestas
587 4217 623 4272 ut
645 4207 744 4272 faciat
766 4209 869 4293 signa.
904 4231 945 4274 m.
973 4231 1059 4295 pers.
1087 4209 1184 4293 27‚5
1213 4199 1268 4274 ded

160 4307 319 4372 militibus
352 4318 546 4395 potestatem
579 4320 615 4374 ut
647 4308 826 4394 diriperent
854 4310 971 4375 omnia.
1020 4310 1117 4397 Vop.
1148 4312 1226 4376 Aur.
1244 4304 1268 4376 ,4

162 4404 254 4477 dedit
280 4417 475 4497 potestatem
503 4418 599 4477 ut-
623 4410 791 4479 haberent.
847 4411 945 4478 Soust
973 4413 1033 4478 mit
1060 4412 1136 4478 dem
1165 4407 1268 4479 Geneti
