2948 4988
790 308 854 373 634
900 346 933 356 ..

251 478 431 544 irascerer?
461 478 522 544 tihi
546 499 606 563 ego
629 499 758 564 possem
781 477 903 541 irasci?
933 476 1011 542 Und
1033 477 1110 542 fnnf
1131 476 1247 543 Zeilen
1268 476 1371 541 weltes:
1462 510 1464 547 ς

251 603 311 666 ego
333 590 367 646 te
388 582 502 647 videre
523 579 706 646 noluerim?
735 578 790 643 fin.
814 579 845 662 4,
869 580 901 661 3,
925 580 943 644 7
967 578 1113 644 incendit
1136 580 1241 665 igitur
1261 577 1373 664 eosqui

249 681 397 748 audiunt.
435 682 565 747 Darauf
585 681 638 746 die
662 684 830 747 Antwortt
860 679 963 766 quid?
993 682 1050 745 ille
1072 679 1251 746 incendat?
1277 680 1374 744 restin-

249 793 329 870 guet
355 784 463 851 citius.
498 782 580 849 Phil.
605 784 643 848 13
651 758 739 867 ,⁸21,
761 782 803 848 48
831 803 903 846 cum
928 782 1094 866 venerint,
1123 804 1209 869 quae
1231 780 1377 870 postulent

250 907 455 972 cognoscam.
485 885 725 970 Entgegnung:
749 885 792 949 ad
808 894 840 948 te
855 884 1028 972 quisquam
1043 885 1157 949 veniat
1172 884 1236 950 uisi
1249 881 1378 950 Ventidii

251 969 392 1051 similis?
434 986 530 1052 Tusc.
554 987 592 1070 4,
615 987 651 1066 4,
675 987 694 1051 8
718 985 809 1073 atqui
831 987 859 1050 si
881 986 945 1050 ista
967 986 1161 1073 perturbare
1182 985 1316 1050 animum
1331 1006 1376 1048 sa

250 1088 370 1176 pientis
393 1110 457 1154 non
479 1097 596 1175 potest,
619 1087 709 1153 nulla
730 1087 875 1174 poterit?
905 1086 996 1168 Quid
1011 1087 1123 1152 enim?
1151 1098 1295 1154 metusne
1313 1107 1378 1151 con·

250 1189 383 1255 turbet?
419 1190 502 1258 Phil.
524 1190 556 1274 2,
572 1190 640 1274 3,5
660 1201 695 1255 at
716 1189 873 1257 beneficio
897 1213 968 1255 sum
992 1198 1046 1256 tuo
1068 1212 1157 1256 usus.
1185 1228 1222 1239 -
1245 1188 1302 1256 Sed
1319 1207 1378 1275 qno

250 1292 432 1359 beneficio?
468 1291 557 1380 quod
584 1313 635 1355 me
663 1291 830 1358 Brundisii
861 1314 927 1358 non
959 1291 1144 1358 occideris?
1189 1290 1291 1372 Quem
1315 1290 1379 1377 ipse

251 1394 358 1460 victor
379 1432 420 1444 -
443 1392 572 1459 salvum
595 1415 666 1459 esse
688 1393 864 1477 voluisset,
887 1417 961 1459 eum
978 1401 1018 1458 -tu
1047 1394 1239 1460 occideres?
1279 1392 1377 1480 (sint

251 1496 352 1561 daran
381 1495 455 1561 hast
484 1498 528 1562 du
554 1517 615 1581 gar
641 1496 732 1561 nicht
758 1495 890 1562 denlren
917 1496 1075 1581 k‘o'nnen.)
1113 1519 1144 1583 p.
1167 1495 1252 1563 Sest.
1271 1486 1380 1577 21,48

251 1598 354 1684 quid?
384 1608 453 1663 tum
475 1607 655 1664 mortemne
677 1597 865 1682 fugiebam?
888 1635 926 1646 -
949 1597 1089 1663 Mortem
1111 1619 1185 1684 ego,
1208 1599 1259 1664 vir
1278 1614 1379 1661 concu-

250 1698 339 1782 laris,
362 1697 534 1765 timerem?
577 1699 615 1763 In
646 1699 803 1764 manchon
825 1702 968 1765 anderen
989 1698 1114 1767 Stellen
1141 1700 1233 1765 kann
1253 1697 1301 1764 die
1316 1695 1379 1760 Zu-

251 1801 419 1887 muthung,
443 1799 565 1866 welche
581 1801 684 1868 durch
700 1801 753 1867 die
768 1801 936 1887 unwillige
950 1801 1059 1888 Frage
1078 1801 1283 1888 abgewiesen
1296 1791 1382 1864 ord,

250 1925 312 1968 nur
334 1925 392 1967 aus
415 1902 489 1967 dem
509 1903 813 1990 Zusammenhange
836 1904 976 1969 erkannt
998 1905 1140 1988 werden,
1163 1906 1226 1969 wie
1246 1927 1273 1968 a.
1287 1901 1316 1966 Β.
1332 1897 1384 1961 de

250 2027 296 2072 or.
316 2005 490 2089 1,38,174
511 2026 572 2090 ego
594 2005 655 2070 tihi
678 2005 778 2071 ullam
800 2028 930 2071 causam
954 2006 1108 2071 maiorem
1129 2001 1387 2073 committendam

251 2106 386 2194 putem?
416 2115 497 2171 orat.
520 2108 571 2191 31,
596 2107 657 2172 109
679 2131 720 2172 an
744 2130 803 2193 ego
829 2147 866 2156 —
890 2107 1112 2190 concederem,
1136 2110 1208 2196 ipse
1229 2116 1388 2193 nunqnam

250 2209 293 2275 ab
314 2209 372 2274 illa
392 2209 550 2275 acerrima
571 2211 778 2275 contentione
801 2207 1025 2276 discederem?
1049 2243 1090 2264 ν-
1116 2232 1178 2296 ego
1200 2231 1263 2275 non
1283 2206 1390 2274 elsho‘

250 2308 345 2376 rem?
381 2311 475 2377 Verr.
501 2312 528 2394 I,
553 2313 601 2394 15,
623 2311 667 2375 40
687 2313 775 2378 itane
798 2311 901 2376 vero?
935 2321 973 2377 tu
993 2350 1036 2361 —
1057 2321 1194 2400 repente
1214 2311 1255 2376 ad
1275 2308 1395 2375 dver-
1462 2366 1464 2405 ἰ

251 2414 355 2478 sarios
377 2413 550 2478 transeas?
578 2435 597 2478 o
620 2412 742 2477 scelus!
778 2414 809 2496 3,
833 2413 885 2496 84,
911 2413 972 2479 193
993 2415 1108 2480 iubeas
1130 2414 1179 2479 ibi
1202 2401 1397 2479 monstri,

251 2538 314 2602 quo
336 2525 466 2602 portare
488 2537 554 2581 non
576 2512 754 2602 expediat?
786 2514 869 2583 Phil.
886 2514 915 2599 6,
930 2516 997 2599 3,5
1019 2538 1061 2581 an
1084 2514 1140 2580 ille
1162 2516 1198 2581 id
1218 2515 1346 2581 facist-
1359 2495 1400 2562 ’ἶ

250 2617 306 2682 ille
327 2655 369 2664 —
390 2616 559 2704 patiatur?
589 2640 653 2682 non
675 2617 703 2681 is
727 2626 777 2682 est
799 2618 974 2682 Antonius.
1006 2641 1037 2702 p.
1061 2616 1173 2683 Plano.
1197 2617 1248 2702 39,
1268 2615 1304 2682 93
1319 2617 1404 2694 1ςο

250 2743 325 2785 eum
347 2743 411 2785 non
433 2718 545 2784 tuear?
587 2741 647 2805 ego
670 2718 706 2784 Ο.
730 2718 881 2784 Caesaris
914 2719 1068 2785 laudibus
1093 2718 1223 2784 desim?
1264 2718 1295 2782 in
1315 2713 1406 2778 Pis-

250 2823 303 2907 20,
324 2823 364 2886 4?
386 2843 447 2907 ego
471 2832 503 2886 te
526 2844 591 2885 non
613 2822 804 2886 vaecordem
829 2859 869 2868 -
891 2823 1025 2908 putem?
1055 2844 1086 2905 p.
1111 2821 1207 2887 Caco.
1224 2821 1271 2904 10,
1285 2818 1318 2884 26
1334 2813 1411 2877 de

250 2922 312 2989 hoc
335 2946 395 3009 ego
418 2932 501 2988 teste
524 2921 735 3012 detraham?
756 2945 789 3009 p.
813 2921 931 2988 Flacco
958 2926 1010 3006 ll,
1033 2922 1075 2988 25
1103 2925 1138 2987 in
1167 2923 1228 2989 hoc
1253 2943 1306 3007 ego
1323 2917 1414 2980 100

251 3064 292 3075 -
314 3026 560 3112 pertimescam?
592 3048 621 3110 p.
645 3024 727 3089 Mur.
749 3025 779 3109 9,
801 3026 852 3089 21.
883 3024 979 3090 Catil.
1003 3025 1035 3108 2,
1058 3024 1088 3102 8,
1114 3025 1165 3090 18.
1195 3009 1419 3103 Ρ1111.2,39’

252 3128 302 3192 rs.
333 3128 368 3210 r,
390 3127 425 3208 2,
449 3130 479 3191 s.
517 3150 547 3210 p.
572 3125 664 3191 suna
688 3128 742 3209 15,
764 3128 817 3191 44.
853 3150 883 3214 p.
909 3129 992 3193 sest.
1015 3126 1073 3209 36,
1099 3127 1150 3193 es.
1186 3125 1249 3212 reg.
1271 3145 1327 3210 agr.
1343 3104 1423 3182 ἵν

251 3229 304 3312 22,
328 3229 378 3294 73.
409 3229 500 3297 aeas.
523 3228 552 3308 2,
568 3229 619 3312 2ο,
636 3230 685 3293 es.
714 3229 766 3311 40,
785 3229 853 3295 125.
883 3230 916 3294 in
939 3229 1005 3299 Pis.
1025 3231 1074 3312 re,
1089 3229 1141 3295 45.
1173 3231 1246 3295 Act.
1267 3210 1426 3310 seb

335 3333 405 3396 Aue
429 3338 580 3417 ephteren
603 3329 860 3396 Schriftstellern
882 3332 926 3396 ist
948 3330 1054 3416 wenig
1076 3330 1280 3416 gesammelt:
1302 3323 1429 3393 Lis·

250 3433 286 3517 2,
309 3436 327 3500 7
335 3484 344 3518 ,
366 3435 387 3499 9
414 3454 473 3518 ege
496 3469 536 3479 -
559 3433 728 3497 timerem?
774 3432 874 3519 (Eine
903 3432 1027 3498 fremde
1054 3433 1284 3519 Vermuthung
1305 3399 1431 3495 wind

252 3527 550 3621 aurdckgewiesen,
573 3534 635 3600 wie
657 3534 742 3597 oben
765 3536 798 3597 in
821 3535 883 3598 den
906 3535 1026 3600 beiden
1046 3534 1171 3600 letzten
1193 3533 1307 3601 Stellen
1323 3550 1365 3593 an
1404 3525 1431 3567 ³

252 3636 392 3722 Cicero.)
437 3636 539 3701 Ovid
562 3635 630 3701 her.
656 3637 706 3719 13,
728 3636 770 3700 36
793 3636 892 3701 indue
914 3635 1056 3721 regales,
1079 3637 1269 3720 Laodamia,
1289 3631 1428 3698 sinnss·

253 3739 386 3805 Scilicet
407 3738 478 3825 ipsa
499 3759 611 3823 geram
635 3748 796 3803 saturatas
819 3738 941 3803 murice
958 3749 1076 3822 vestes,
1099 3737 1188 3805 bella
1209 3739 1268 3804 suh
1281 3722 1426 3800 lliaeffl

250 3841 419 3907 moenibus
441 3838 497 3904 ille
519 3840 633 3923 gerat?

540 4046 559 4061 ῃ
571 4104 604 4171 4.
658 4101 766 4184 (lein
793 4105 833 4170 im
860 4100 1082 4172 Modclsotzc.

335 4252 365 4330 ξ.
388 4248 461 4312 521.
506 4247 615 4313 Ueber
642 4249 696 4312 die
725 4248 870 4313 Partikel
897 4252 975 4331 qaia
998 4212 1070 4333 hat,
1101 4250 1164 4314 wie
1187 4248 1303 4315 Gellius
1327 4230 1386 4304 17.

254 4352 293 4415 13
316 4350 492 4434 herichtet,
515 4349 616 4415 schon
638 4374 678 4415 zu
702 4350 842 4415 Cicero's
858 4351 934 4415 Zeit
949 4350 1008 4415 der
1030 4350 1220 4438 Polyhistor
1239 4342 1378 4432 Nigidius

253 4451 391 4536 Figulus
414 4453 636 4537 geschricben.
680 4452 745 4516 Die
767 4452 975 4538 Entstehung
1003 4455 1060 4518 des
1084 4453 1218 4520 Wortes
1237 4472 1290 4516 nus
1308 4443 1371 4510 delll
1457 4498 1464 4538 .·
