2924 4994
612 274 840 337 -222«

154 465 205 507 me
227 444 374 509 adiuvas.
399 444 484 529 legg.
510 446 538 525 1,
561 444 603 507 24
625 443 710 507 facio
734 452 766 506 et
789 443 916 524 libenter
943 453 990 527 et,
1011 453 1049 509 nt
1071 464 1183 530 spero,
1208 448 1269 509 rect

155 545 241 632 quod
271 584 312 594 -
341 568 405 610 non
433 567 565 632 possum
594 544 722 609 silentio
750 547 939 631 praeterire.
984 545 1083 611 Tusc.
1105 548 1137 629 4,
1160 546 1203 610 30
1223 566 1269 627 per

154 649 308 712 commode
335 649 459 712 fectum
486 656 550 728 est,
579 646 665 733 quod
694 646 740 709 eis
764 646 925 711 derebus
948 683 987 694 -
1012 647 1216 733 disputatum
1237 667 1269 711 es

155 750 232 812 fam.
258 749 308 829 16,
332 750 381 825 22,
407 751 423 811 1
453 770 532 812 esve
561 749 735 833 suspiceris
768 752 877 812 corno
908 769 1011 813 meam
1042 749 1235 815 voluntatem
1265 767 1269 810 ι

155 851 275 931 fecere,
303 851 389 935 quod
419 866 481 915 non
510 851 554 914 sis
578 870 713 914 mecum.
758 850 800 912 ad
823 846 889 928 Qu.
912 850 953 913 fr.
976 850 1008 931 2,
1033 852 1063 931 1,
1088 853 1104 914 l
1132 851 1191 915 sed
1219 849 1269 914 fec

154 952 334 1016 humaniter
355 949 520 1033 Licinius,
550 951 636 1036 quod
658 947 701 1013 ad
725 971 775 1012 me
800 987 838 996 -
862 951 964 1014 venit.
986 951 1018 1031 2,
1045 952 1093 1030 15,
1115 951 1136 1014 2
1158 949 1241 1016 sacis
1262 959 1269 1014 1

155 1053 283 1138 quidem
305 1054 454 1134 fraterne,
478 1050 565 1137 quod
588 1073 639 1115 ms
662 1051 814 1116 horteris.
848 1050 891 1114 ad
913 1051 983 1116 Art.
1009 1054 1025 1115 1
1051 1053 1100 1132 17,
1122 1052 1143 1116 2
1166 1050 1226 1117 sed
1245 1073 1269 1116 a

155 1155 235 1219 cidit
252 1157 514 1237 perincommode,
544 1152 632 1239 quod
654 1175 727 1217 eum
750 1173 910 1237 nusquam
932 1153 1058 1218 vidisti.
1097 1155 1147 1236 16,
1172 1155 1213 1220 15
1233 1175 1269 1218 no

150 1258 285 1340 pioritr'a
306 1258 429 1320 factum
445 1264 505 1338 est,
529 1253 616 1340 quod
631 1276 696 1318 non
711 1277 782 1319 mea
799 1277 896 1319 manu
912 1255 1031 1319 scribo.
1058 1255 1088 1338 2,
1104 1256 1136 1336 4,
1155 1257 1172 1318 1
1188 1254 1268 1318 fecis

155 1358 235 1422 mihi
251 1362 454 1440 peroratam,
476 1356 563 1443 quod
587 1357 776 1442 Serapionis
795 1354 915 1421 librum
938 1355 981 1419 ad
1003 1378 1056 1420 me
1078 1357 1207 1422 misisti.
1247 1359 1269 1420 1«

155 1460 205 1542 16,
227 1459 248 1522 4
270 1459 312 1523 de
334 1460 446 1525 Attica
467 1466 654 1547 pergratum
678 1457 756 1522 mihi
779 1458 902 1539 fecisti,
927 1459 1015 1544 quod
1036 1459 1160 1523 curasti
1183 1467 1220 1522 ut
1240 1471 1269 1521 or

155 1599 193 1608 -
218 1559 313 1625 Eben
336 1583 372 1625 so
397 1561 448 1624 bei
465 1558 635 1645 Speteren,
658 1561 720 1624 wie
735 1559 820 1623 Liv.
836 1560 865 1641 6,
888 1559 926 1623 18
951 1559 1177 1641 benefacitis,
1201 1580 1269 1646 quo

152 1662 205 1745 28,
228 1663 249 1727 6
271 1662 305 1726 id
328 1661 504 1748 prudenter
525 1660 613 1739 fecit,
637 1659 735 1747 quod.
773 1658 943 1740 Quintil.
966 1660 997 1742 3,
1020 1661 1052 1743 6,
1076 1661 1120 1725 64
1146 1681 1176 1725 ιι.
1201 1680 1269 1725 a.n

238 1766 268 1828 9.
298 1763 341 1846 So
365 1763 427 1828 wie
449 1763 566 1827 accedit
581 1762 614 1825 in
631 1761 690 1825 der
703 1758 808 1845 Regel
823 1762 882 1824 mit
897 1762 980 1842 quod
995 1761 1188 1827 verbunden
1203 1760 1269 1825 wire

153 1888 189 1929 so
211 1864 382 1949 geschieht
403 1864 474 1928 dies
494 1863 578 1928 auch
595 1863 646 1928 bei
663 1861 952 1927 sinnverwandten
963 1862 1094 1947 Verbis,
1109 1864 1171 1927 wie
1185 1863 1269 1928 adds

153 1968 220 2031 und
243 1967 387 2040 adiicere,
406 1965 527 2052 jedoch
552 1973 620 2029 erst
641 1965 675 2027 in
697 1961 983 2028 nachklassischer
1005 1964 1166 2050 Sprsche:
1194 1962 1268 2029 Ovi

154 2090 197 2133 ex
212 2068 308 2133 Pont.
319 2067 351 2148 2,
368 2066 397 2145 9,
413 2066 455 2129 49
477 2067 558 2131 adde
580 2065 667 2152 qnod
690 2066 847 2150 ingenuas
871 2064 1026 2130 didicisse
1047 2065 1190 2131 fideliter
1211 2073 1269 2129 arto

152 2179 208 2236 ott.
242 2169 327 2234 Liv.
343 2169 394 2252 23,
409 2169 440 2252 5,
464 2168 484 2232 9
505 2169 631 2233 adiior'te
652 2165 695 2230 ad
719 2165 808 2249 haec,
833 2167 919 2252 quod
943 2166 1059 2232 foedus
1083 2189 1224 2254 aequum
1245 2166 1269 2232 d«

152 2271 274 2336 diticiis
298 2307 337 2317 -
361 2268 520 2336 dedimus.
564 2269 650 2333 Sen.
674 2267 766 2333 olem.
792 2270 821 2350 l,
844 2267 876 2350 2,
899 2268 920 2332 2
946 2270 1048 2334 adiice
1070 2268 1160 2356 quod
1181 2290 1269 2354 magn

152 2394 228 2458 pars
251 2371 418 2436 hominum
441 2380 499 2455 est,
516 2392 599 2457 quae
614 2369 735 2435 reverti
749 2367 792 2433 ad
808 2370 1024 2434 innocentiam
1039 2372 1154 2457 possit.
1185 2372 1215 2452 1,
1230 2370 1260 2452 8,

153 2473 259 2538 adiice
282 2494 377 2554 nunc,
402 2472 488 2558 quod
512 2481 569 2536 ott.
614 2468 786 2550 Quintil.
809 2469 839 2550 2,
865 2471 914 2552 17,
936 2471 979 2534 40
1000 2470 1162 2537 adiiciunt
1183 2471 1235 2536 his
1255 2508 1269 2519 -

151 2573 247 2661 quod.
268 2576 317 2647 12,
341 2577 370 2657 l,
394 2574 435 2638 92
457 2572 675 2637 adiiciendum
698 2573 795 2636 etism
820 2571 962 2636 breviter
983 2572 1128 2656 videtur,
1152 2571 1269 2659 quodi

151 2688 188 2741 ut
211 2679 350 2740 virtutes
373 2684 429 2742 ott.
474 2674 562 2739 Tac.
587 2672 660 2737 dial.
686 2673 706 2737 9
728 2672 834 2738 adiice
856 2673 955 2757 quod.
978 2710 1017 2720 —
1048 2673 1160 2739 Ueber
1181 2674 1269 2740 acroi

153 2783 189 2842 ot
212 2801 236 2841 s.
254 2781 284 2858 ξ.
301 2777 373 2842 386.
667 2781 669 2784 ⁴

240 2880 287 2941 10.
326 2877 401 2940 Wie
430 2876 513 2940 nach
543 2875 656 2940 diesen
682 2875 800 2940 Verbis
829 2875 886 2949 des
917 2875 1163 2961 Hinzufogens‚
1196 2876 1269 2942 find·

153 2981 221 3043 sich
245 2980 328 3061 quod
349 2977 444 3060 auch,
467 2976 616 3042 wiewohl
638 2976 714 3041 sehr
729 2975 843 3059 seiten,
866 2978 947 3039 nach
965 2974 1072 3041 denen
1088 2979 1141 3043 die
1157 2978 1269 3062 „iibez

152 3081 293 3164 gehen,
317 3079 428 3144 nicht
450 3077 689 3143 erwdhnen“
716 3076 893 3142 bedenten:
931 3076 1014 3142 Oie.
1038 3102 1069 3165 p.
1094 3079 1222 3145 Cluent.
1243 3079 1269 3143 6«

156 3183 216 3246 188
245 3186 405 3264 prortmo
435 3181 521 3266 quod
546 3217 584 3227 -
609 3200 679 3243 eam
703 3178 768 3243 sibi
795 3179 928 3243 domum
958 3177 1135 3267 sedemque
1165 3180 1269 3266 delegi

152 3283 227 3347 farn.
254 3285 302 3366 15,
324 3285 355 3364 4,
382 3282 420 3344 12
448 3282 535 3345 mitro
567 3280 653 3366 quod
686 3280 860 3362 invidiam,
895 3280 983 3364 quod
1016 3282 1179 3365 pericula,
1211 3304 1269 3368 qur

152 3405 263 3448 omnes
286 3404 373 3447 meas
395 3390 607 3467 tempestates
630 3419 670 3428 -
693 3380 803 3445 subire
825 3382 1053 3467 paratissimus
1075 3382 1189 3466 fueris,
1211 3404 1269 3470 qn·

153 3484 293 3570 denique
307 3493 365 3549 ott.
400 3484 483 3564 (Der
498 3483 697 3568 Oonjunctiv
715 3482 764 3545 als
780 3481 896 3546 Modus
912 3482 971 3546 dor
986 3482 1169 3568 indirecten
1182 3482 1269 3550 Reda

153 3585 315 3650 Dasselbe
338 3607 435 3668 soger
462 3583 555 3647 seohs
577 3581 646 3647 Mal
674 3583 875 3647 successive:
910 3605 940 3668 p.
965 3583 1084 3650 Flacco
1106 3585 1159 3670 32,
1183 3587 1231 3650 19.

152 3689 311 3771 Dagegen
334 3685 381 3750 als
404 3682 584 3749 Ausdruck
606 3683 665 3749 der
688 3681 983 3768 Willensrichtung
1005 3687 1065 3751 mit
1087 3692 1139 3751 ui:
1166 3687 1240 3751 fam.

155 3790 247 3871 17,3
282 3809 322 3851 nc
352 3786 412 3850 hoe
445 3787 576 3870 quidem
607 3785 928 3870 praetermittendum
957 3808 1031 3851 esse
1065 3789 1163 3873 duxi,
1195 3798 1227 3853 te

152 3889 308 3953 hortarer.
1058 3906 1060 3910 ³

240 3992 301 4053 11.7
319 3989 390 4052 Das
415 3985 685 4074 brachylogische
706 3989 790 4069 quod
811 3988 917 4069 („was
940 3988 1001 4053 das
1025 3989 1163 4071 betrifft,
1184 3990 1269 4055 dass

152 4091 242 4155 ward
267 4091 385 4154 bereits
409 4087 494 4154 oben
516 4110 575 4151 aus
592 4086 650 4152 der
663 4086 751 4151 alten
767 4089 841 4151 Zeit
863 4087 980 4173 belegt,
1006 4113 1057 4157 wo
1082 4114 1116 4157 es
1141 4093 1201 4158 mit
1221 4090 1269 4156 de

152 4189 351 4276 potentialen
374 4189 572 4276 Conjunctiv
594 4188 727 4253 auftrat.
765 4188 883 4255 Disser
901 4189 1077 4256 Gebrauch
1100 4192 1159 4258 des
1182 4194 1269 4259 Poto

150 4292 237 4357 tialis
268 4290 394 4355 seheint
423 4312 490 4353 nun
518 4293 577 4354 mit
605 4289 679 4352 dem
702 4290 937 4355 Klassicismus
965 4292 1269 4360 versohwundena

151 4395 236 4477 sein3
260 4415 295 4457 es
310 4391 395 4476 folgt
410 4389 534 4454 iiberall
548 4391 608 4478 der
619 4388 784 4455 Indicativ
796 4391 875 4456 oder
889 4392 1054 4458 allenfalls
1069 4395 1105 4459 in
1120 4396 1269 4462 indirecte
