2948 4988
541 322 768 386 -705-

165 494 232 565 Cic.
255 497 297 561 de
317 496 400 561 or.2
422 499 453 578 ξ.
468 492 531 557 279
553 493 632 578 quid
654 492 774 580 ploras,
797 495 911 579 pater?
928 495 939 577 [Ι
955 495 1075 560 Mirum
1097 497 1131 559 ni
1152 517 1227 561 can·
1271 480 1280 489 ’

142 617 162 659 1.
206 597 271 663 Die
298 599 451 663 Antwort
477 600 521 662 ist
552 595 771 660 sarkastisch:
802 595 1014 678 wunderbar,
1048 618 1143 660 wcnn
1176 598 1228 663 ich

142 696 178 761 ht
200 699 309 784 singe,
332 698 364 765 d.
386 699 416 763 h.
439 699 494 763 ich
515 697 575 762 soll
598 696 683 762 wohl
704 719 764 782 gar
786 699 910 783 singen.
955 697 1083 764 Plaut.
1107 698 1225 782 Amph.

142 800 149 851 1
165 799 281 864 mirum
296 801 332 865 ni
347 801 399 866 hic
413 820 466 864 me
481 802 573 887 quasi
588 821 776 863 muraenam
791 820 945 865 exossare
960 801 1094 886 cogitat.
1131 799 1228 886 Oapt.

142 927 147 954 ν
172 903 254 965 mira
271 902 387 989 edepol
401 911 478 967 sunt
492 904 525 966 ni
541 902 595 966 hic
610 902 645 965 in
659 911 806 964 ventrem
829 902 968 987 sumpsit
990 901 1227 966 confidentiam.

142 1007 151 1055 i
173 1004 354 1090 mirumque
377 1004 459 1069 adeo
481 1014 530 1068 cst
552 1004 585 1069 ni
600 1041 642 1050 —
657 1004 775 1069 fecere.
811 1002 898 1067 Trin.
915 1002 976 1067 861
998 1003 1083 1067 mira
1104 1011 1180 1067 sunt
1195 1003 1228 1065 ni

142 1125 153 1164 1
181 1103 307 1171 homost
339 1114 397 1170 ctt.
451 1105 571 1171 Bacch.
603 1105 668 1170 450
700 1104 782 1168 mira
813 1113 890 1168 sunt
923 1108 956 1166 ni
992 1142 1034 1152 -
1069 1103 1228 1170 contudit.

142 1225 174 1267 r.
196 1207 299 1270 Andr.
319 1207 382 1272 598
404 1206 462 1271 ubi
483 1228 568 1271 nunc
591 1215 640 1270 cst
660 1206 774 1293 ipsus?
792 1207 802 1290 ΙΙ
818 1205 938 1270 Mirum
959 1207 993 1268 ni
1015 1204 1134 1270 domist
1157 1211 1228 1289 (‚,er

150 1306 422 1372 wahrschcinlich
451 1331 492 1372 zu
513 1309 672 1389 Hauso“).
717 1307 801 1372 Eun.
825 1309 888 1371 344
909 1331 951 1372 m.
974 1309 1017 1398 ni·
1031 1305 1113 1373 hanc
1135 1307 1226 1375 dicit.

142 1407 217 1472 ders
245 1409 339 1475 11ῐεί
364 1410 449 1474 nach
477 1413 594 1476 miror:
621 1408 749 1473 Plaut.
772 1407 892 1473 Pseud.
915 1411 978 1473 442
1001 1409 1034 1472 id
1057 1431 1143 1474 nune
1170 1412 1229 1475 mi·

142 1529 171 1593 e,
192 1511 220 1574 si
243 1512 400 1596 patrissat
420 1509 530 1576 filius?
567 1512 653 1574 Ter.
669 1511 773 1575 Andr.
792 1512 853 1576 175
876 1511 1027 1589 mirabar,
1049 1511 1111 1576 hoc
1132 1513 1160 1576 si
1182 1514 1229 1577 sic

142 1623 202 1676 ret.
239 1613 477 1691 1111010489
499 1611 587 1676 haud
610 1613 768 1692 mirumst,
792 1613 829 1680 si.
849 1650 883 1659 -
902 1611 976 1676 Von
1000 1613 1042 1676 da
1063 1615 1105 1678 ab
1127 1614 1230 1680 findet

142 1734 165 1775 n
185 1713 250 1779 fast
274 1737 336 1779 nur
364 1715 448 1780 noch
469 1714 524 1778 die
547 1715 643 1778 Form
673 1714 730 1778 des
762 1715 977 1798 negativos
1007 1715 1229 1800 Hauptsatzes

169 1817 206 1898 si,
229 1817 334 1880 seltcn
356 1816 420 1881 den
442 1817 608 1903 positiven
629 1818 688 1880 mit
709 1818 745 1881 ni
760 1816 839 1880 oder
861 1817 941 1895 uisu
963 1818 1082 1881 nstrum
1103 1818 1148 1896 ai,
1172 1817 1230 1882 der

142 1915 330 2003 lkssprache
360 1917 586 2003 angehorend,
617 1916 781 1983 crseheint
808 1939 871 1982 nur
897 1918 982 1983 noch
1010 1919 1063 1982 cin
1084 1918 1154 1983 Mal
1177 1920 1229 1983 bei

142 2037 212 2083 uus.

173 2120 249 2187 Cic.
264 2145 297 2208 p.
315 2120 449 2202 Quinct.
464 2123 494 2203 3,
515 2123 554 2187 13
576 2143 636 2184 nec
657 2122 786 2203 mirum,
809 2124 838 2185 si
855 2122 940 2185 is-
957 2122 1103 2208 putabat.
1141 2123 1172 2205 5,
1190 2123 1229 2187 18

142 2250 145 2278 ι
171 2223 294 2308 mirum,
317 2225 347 2288 si
368 2224 438 2287 eius
460 2225 614 2288 utebatur
635 2222 781 2288 consilio.
819 2224 952 2287 Verr.4
974 2227 1004 2304 ξ.
1026 2225 1086 2288 139
1108 2246 1146 2289 eo
1168 2225 1228 2288 mi-

142 2344 148 2380 1
173 2325 280 2388 mirari
305 2347 356 2388 me
378 2334 537 2422 oportere,
560 2327 588 2388 si
611 2324 714 2388 illi-
731 2324 923 2389 defuissent.
962 2324 1031 2388 har.
1054 2346 1138 2410 resp.
1159 2325 1229 2405 5,8
1338 2344 1341 2350 ·

142 2447 150 2484 1
174 2427 298 2509 mirum,
322 2427 350 2490 si
372 2427 434 2491 hoc
456 2428 550 2491 vobis
574 2424 746 2491 ridiculum
770 2424 911 2492 videtur.
949 2449 980 2512 p.
1005 2425 1089 2490 Mur.
1114 2428 1164 2508 11,
1187 2426 1229 2488 24

142 2543 153 2583 ¹
181 2529 312 2610 mirum,
347 2530 374 2592 si
402 2565 442 2576 —-
469 2527 673 2592 consulatum
702 2529 867 2593 consecuti
896 2536 981 2591 sunt.
1032 2526 1142 2592 Salten
1171 2530 1230 2591 mit

142 2627 301 2693 sirivem
333 2630 535 2715 Hauptsatz:
569 2629 660 2694 Lacl.
691 2632 722 2710 ξ.
751 2631 794 2693 54
824 2629 938 2709 miror,
974 2630 1001 2693 si
1034 2650 1229 2715 quemquam

142 2745 204 2792 »erc
230 2733 350 2817 potuit.
392 2724 483 2797 Hor.
511 2742 570 2795 sat.
602 2734 636 2813 1,
667 2734 699 2811 1,
722 2730 764 2795 86
792 2731 936 2810 miraris,
966 2732 1004 2795 si.
1051 2729 1145 2793 Fehlt
1176 2730 1228 2793 bei

142 2829 206 2916 gil,
235 2836 294 2898 der
321 2856 382 2898 nur
410 2832 475 2896 den
502 2836 582 2897 Acc.
611 2853 639 2896 c.
667 2832 725 2897 inf.
753 2825 821 2897 und
850 2833 903 2896 die
931 2832 1091 2897 indirecte
1120 2830 1229 2914 Frage

142 2925 167 2990 *h
195 2935 295 2999 miror
321 2944 416 3000 aetat.
460 2934 557 2998 Auch
585 2935 638 2998 bei
661 2933 783 2998 Caesar
810 2934 877 2998 und
905 2932 1029 2997 Sallust
1056 2932 1146 2996 nieht
1174 2934 1228 2996 bc-

142 3027 202 3100 *kt
219 3074 258 3084 -
282 3037 367 3102 Liv.
387 3038 415 3119 1,
430 3037 482 3117 53,
501 3037 540 3100 10
562 3045 675 3101 vetant
698 3037 819 3117 mirari,
843 3035 872 3098 si
893 3072 930 3081 —
955 3035 1030 3098 talis
1054 3036 1087 3098 in
1110 3032 1229 3098 liberos

142 3137 177 3196 Ξῖ.
224 3140 253 3215 3,
277 3139 333 3216 21,
354 3139 376 3202 4
398 3139 513 3215 mirer,
542 3137 569 3201 si
592 3159 680 3202 vana
702 3147 812 3202 vestra
833 3138 1011 3202 auctoritas
1034 3136 1076 3199 ad
1099 3134 1228 3222 plebem

142 3224 153 3286 ·’
199 3239 230 3321 9,
256 3240 306 3322 18,
333 3240 373 3304 10
394 3240 563 3322 miremur,
595 3241 623 3304 si
644 3276 686 3287 —
709 3238 781 3326 plus
805 3238 935 3303 fortuna
957 3236 1163 3303 variaverit?
1200 3237 1230 3319 8,

151 3332 198 3403 10
218 3341 352 3405 minime
374 3341 409 3406 id
432 3341 562 3426 quidem
591 3342 707 3404 mirum
735 3363 821 3418 csse,
850 3343 941 3404 si-
965 3340 1046 3404 nihil
1074 3360 1230 3425 prospere

142 3451 223 3506 rent,
256 3442 308 3525 32,
324 3442 375 3519 20,
390 3442 411 3505 2
426 3463 531 3528 neque
546 3442 675 3518 mirum,
698 3442 726 3505 si
743 3479 783 3488 -
799 3441 1024 3506 turbaverant.
1062 3442 1102 3505 In
1118 3439 1229 3504 diesen

142 3529 293 3608 ¹Stellon
316 3542 373 3607 hat
395 3542 464 3609 also
480 3543 538 3607 der
553 3544 739 3630 Hauptsatz
762 3546 983 3627 negativos
999 3543 1095 3608 Sinn:
1120 3542 1230 3628 posi·

154 3636 264 3709 ister
286 3667 348 3709 nur
369 3646 404 3709 in
426 3646 457 3727 3,
480 3645 521 3709 28
529 3636 581 3726 ‚'5
603 3646 786 3731 mirumque
815 3666 886 3709 esse
908 3648 945 3711 ni
972 3646 1036 3709 iam
1061 3682 1096 3691 -
1122 3653 1230 3708 castra

142 3735 226 3809 lium
242 3756 480 3833 oppugnantur
506 3746 610 3831 (‚,und
632 3746 953 3829 wahrscheiniich“).

158 3840 248 3912 val.
272 3849 374 3914 Max.
397 3849 428 3930 5,
453 3850 469 3913 1
494 3858 561 3913 ext.
587 3853 603 3912 1.
628 3851 707 3936 quid
730 3870 807 3933 crgo
832 3850 948 3913 mirum
971 3857 1030 3932 est,
1053 3849 1081 3911 si
1103 3883 1145 3895 -
1168 3846 1226 3910 dus-

142 3949 222 4014 tut?
266 3949 303 4031 6,
335 3951 367 4029 1,
393 3951 433 4014 10
455 3959 487 4014 et
516 3951 597 4036 quid
625 3952 760 4029 mimm,
793 3950 821 4013 si
848 3950 910 4015 hoe
937 3988 978 3999 —
1007 3949 1230 4015 censucrunt?

142 4052 186 4114 ³t.
210 4052 241 4127 4,
267 4052 318 4133 11,
340 4052 363 4114 4
384 4053 502 4139 ecquid
526 4054 643 4116 mirum
666 4062 727 4132 est,
750 4053 778 4115 si
801 4089 841 4099 —
865 4072 978 4138 paoem
1000 4048 1108 4138 petit?
1145 4051 1174 4129 8,
1200 4051 1229 4133 7,

142 4150 284 4235 miraris,
307 4153 334 4216 si
350 4152 536 4237 superbiam
551 4163 637 4217 tuam
656 4154 741 4219 ferre
755 4175 822 4218 non
844 4152 1042 4239 possumus?
1079 4153 1229 4216 Petron

142 4252 259 4334 miror,
287 4255 353 4342 usai
382 4294 419 4304 -
450 4264 537 4318 sunt.
581 4255 623 4319 90
650 4277 714 4320 non
740 4255 856 4337 miror,
886 4256 914 4317 si
941 4292 980 4301 -
1012 4254 1227 4340 prosequitur.

142 4363 262 4420 e·unn.
281 4354 330 4435 12,
345 4356 387 4420 37
409 4357 489 4442 quid
513 4358 640 4439 mirum,
663 4358 691 4420 si
707 4358 786 4420 haec
802 4356 924 4420 invitus
940 4354 1058 4420 amisi?
1094 4355 1229 4441 Nepos
1346 4386 1353 4395 ¹

142 4443 167 4535 A,
185 4458 208 4522 4
227 4457 363 4523 minime
385 4468 436 4523 ost
458 4458 661 4541 mirandum,
685 4460 713 4522 si
740 4495 777 4506 -
800 4458 874 4522 fuit.
922 4457 959 4543 9‚·
974 4459 1005 4542 3,
1031 4461 1046 4520 1
1070 4479 1175 4544 neque
1196 4457 1232 4522 id
