2948 4988
578 298 808 363 -265-

119 459 245 548 belegt:
269 464 350 530 Cic.
373 463 441 530 div.
459 466 489 548 2,
505 465 535 543 5,
557 466 594 529 14
616 467 663 530 ita
685 464 879 552 relinquitur
901 476 937 530 ut
959 489 997 530 ea
1020 467 1157 532 fortuita
1180 467 1264 532 divi-

121 566 189 627 nari
212 567 357 649 possint,
386 588 469 652 quae
491 576 547 631 ctt.
571 565 680 647 (‚,als0
712 566 816 632 bleibt
838 590 899 631 nur
921 568 979 631 der
1001 566 1136 632 Schluss
1160 570 1265 652 iibrig‚

29 728 35 747 ι
126 662 245 752 dass“).
289 667 330 731 de
359 667 425 732 inv.
451 670 479 746 1,
501 669 588 748 9,12
620 667 813 754 relinquitur
835 690 911 753 ergo
935 679 972 732 ut
994 670 1103 733 omnia
1124 670 1189 734 tria
1210 691 1265 753 ge·

31 752 41 865 'q
126 769 288 833 nerasint
311 789 489 833 causarum.
525 770 577 852 29,
592 770 635 834 45
657 769 850 855 relinquitur
872 770 974 854 igitur
996 780 1032 834 ut
1053 770 1096 834 ab
1119 770 1179 834 hoc
1200 793 1264 835 non

10 870 45 977 'q
129 864 167 929 sit
195 872 331 935 eccisus.
377 869 489 936 Caes.
519 872 552 937 b.
580 894 612 956 g.
635 871 728 956 5,19
762 870 1005 957 relinquebatur
1032 881 1069 936 ut
1096 893 1201 958 neque
1225 910 1265 920 -

128 976 285 1050 pateretur
307 981 363 1038 ctt.
408 975 479 1039 Der
505 973 614 1038 blosse
636 971 787 1037 Infinitiv
808 972 891 1036 uach
914 973 1089 1054 relinquere
1109 975 1154 1038 ist
1176 973 1265 1039 dich-

130 1071 239 1135 terisch
263 1075 328 1139 und
352 1076 387 1140 in
409 1075 486 1140 sehr
507 1084 618 1162 spater
640 1074 752 1139 Prosa.
874 1126 878 1133 .

206 1173 316 1240 Ratae
335 1182 372 1241 at
393 1177 520 1242 kommt
543 1177 606 1240 seit
621 1177 737 1241 Cicero
754 1176 787 1238 in
803 1174 1054 1240 verschiedener
1069 1175 1265 1261 Bedeutung

127 1288 197 1353 var,
218 1285 343 1341 erstens
365 1277 413 1341 als
437 1277 552 1343 letztes
575 1276 674 1341 Glied
697 1279 731 1341 in
755 1277 813 1339 der
834 1277 1029 1341 Partitio:
1065 1299 1096 1340 n.
1120 1275 1151 1339 d.
1175 1277 1207 1360 2,
1223 1277 1262 1340 61

119 1381 223 1440 restat
243 1387 280 1442 ut
303 1378 437 1443 doceam
459 1390 557 1465 atque
579 1377 756 1465 aliquando
780 1398 935 1463 perorem.
979 1378 1072 1455 acad.
1093 1378 1123 1460 2,
1139 1377 1206 1460 2,6
1227 1387 1265 1442 ut

10 1468 12 1483 '
114 1465 169 1533 iis
191 1479 419 1564 respondeam,
453 1481 509 1567 qui
531 1488 586 1545 ctt.
631 1479 762 1546 Sodann
790 1479 823 1542 in
851 1480 910 1542 der
933 1479 1164 1564 Felgerung
1186 1479 1264 1543 eder

104 1565 263 1646 ironisch
286 1581 374 1665 „das
396 1581 479 1647 fehlt
501 1605 564 1647 nur
585 1582 692 1646 nech“
704 1602 711 1644 :
749 1603 781 1666 p.
806 1578 938 1659 Quinct.
964 1581 1014 1663 12,
1035 1581 1075 1644 41
1105 1589 1208 1644 restat
1228 1591 1265 1645 ut

94 1685 174 1739 aut
205 1704 331 1746 summa
357 1682 558 1768 negligentia
584 1683 645 1747 tibi
672 1682 838 1748 obstiterit
866 1691 921 1746 aut
949 1682 1046 1745 unica
1073 1679 1261 1746 liberalitas.

84 1765 131 1848 9,
154 1777 205 1845 33
227 1782 310 1848 illud
333 1786 432 1849 etiam
454 1786 620 1850 restiterat
641 1792 678 1846 ut
699 1793 732 1848 te
754 1784 788 1846 in
803 1784 854 1847 ius
871 1781 1045 1847 educerent
1062 1782 1155 1869 (,‚das
1172 1782 1262 1848 hatte

17 1954 25 1969 ‚
77 1880 201 1947 ”och
222 1883 405 1971 gefehlt“).
449 1910 482 1973 p.
506 1886 603 1950 Marc.
630 1884 668 1948 10
695 1894 798 1949 restat
825 1894 862 1949 ut
890 1906 1000 1948 omnes
1024 1906 1123 1948 unum
1147 1884 1261 1948 velint.

72 1985 119 2032 Π·
157 1979 206 2049 d.
228 1986 261 2068 2,
284 1987 324 2052 16
356 1996 460 2051 restat
488 1988 590 2072 igitur
612 1996 648 2049 ut
670 1993 775 2050 motus
796 1995 957 2049 astrorum
981 1987 1024 2050 sit
1046 1983 1261 2050 voluntarius.

66 2069 180 2144 Att,
210 2087 242 2169 8,
264 2088 337 2172 7,1
368 2110 468 2153 unum
498 2088 595 2152 etiam
625 2096 728 2151 restat
754 2088 857 2152 amice
885 2098 996 2152 nostro
1025 2089 1065 2151 ad
1090 2108 1183 2152 omne
1206 2086 1261 2151 de·

62 2165 233 2268 decus,
264 2197 302 2252 nt
323 2188 470 2254 Domitio
498 2193 563 2255 nou
585 2187 761 2253 subveniat
789 2187 890 2272 („das
913 2190 986 2253 eine
1008 2186 1090 2252 fehlt
1111 2187 1179 2252 ihm
1200 2210 1263 2252 nur

57 2283 256 2372 floeh“)‚

201 2388 291 2455 Hor.
316 2411 366 2478 ep.
392 2392 530 2475 1,1,27
562 2402 664 2457 restat
691 2400 728 2455 ut
754 2390 803 2454 his
828 2413 887 2475 ego
910 2413 960 2455 me
982 2391 1054 2476 ipse
1076 2412 1187 2475 regam
1210 2413 1261 2454 so·

53 2459 227 2569 le¹'que
255 2491 437 2556 elementis.
481 2493 543 2557 Bei
569 2492 714 2558 Livius
742 2491 863 2557 wieder
889 2491 938 2556 als
962 2490 1174 2556 Schlusstheil
1204 2490 1261 2554 der

54 2562 274 2656 pa¹·titi0:
307 2592 340 2674 9,
358 2593 398 2657 19
420 2602 522 2658 restat
543 2604 580 2659 ut
602 2593 715 2679 copiae
737 2593 840 2680 copiis
864 2602 1101 2679 comparentur.
1123 2630 1166 2640 -
1192 2591 1262 2655 Dcr

52 2665 225 2757 blosse
247 2693 398 2759 Infinitiv
420 2695 557 2760 aurbei
579 2694 750 2760 Dichtern.

199 2795 348 2878 Superest
368 2800 404 2862 nt
425 2795 527 2862 findet
548 2796 618 2862 sich
640 2797 731 2862 nieht
753 2819 813 2862 vor
829 2795 927 2860 Plin.
944 2818 994 2880 ep.
1014 2796 1041 2878 1,
1061 2797 1086 2873 1,
1104 2797 1124 2858 2
1147 2793 1277 2881 ειιριιι-4

56 2881 144 2942 Θῧῒ
180 2905 224 2960 ut
245 2918 306 2961 nec
329 2907 361 2962 te
383 2896 510 2963 consilii
533 2919 593 2961 nec
615 2920 666 2962 me
689 2898 853 2984 paeniteat
876 2896 1032 2981 obsequii.
1071 2896 1144 2961 Vcn
1160 2898 1202 2960 da
1217 2897 1259 2960 ab

58 2983 173 3051 ersst
206 2998 327 3063 wieder
351 2998 404 3062 bei
426 2998 623 3082 Lactanz,
647 3001 705 3065 der
726 3000 806 3065 aber
828 3000 928 3080 auch,
951 2999 1012 3062 wie
1036 2998 1135 3063 sehon
1159 2996 1258 3081 Ouid,

63 3062 169 3149 (1θῦ
202 3097 333 3163 blossen
356 3099 452 3166 Infin.
476 3110 570 3165 setzt.

200 3201 230 3264 6.
249 3201 328 3265 ‘Bei
360 3201 423 3265 den
449 3201 720 3288 unpersdnlichen
748 3202 878 3266 Verben
908 3203 1034 3265 interest
1060 3199 1127 3264 und
1156 3202 1259 3283 refert,

74 3267 214 3388 afran
230 3302 457 3390 Subjectssatz
480 3304 514 3367 in
536 3302 596 3367 der
610 3301 712 3388 Regel
735 3303 835 3367 durch
859 3303 931 3365 eine
946 3301 1259 3367 Infinitivconstrue·

10 3428 13 3439 ¹
82 3379 182 3496 ¹¹?ss
217 3402 296 3469 oder
324 3403 420 3467 einen
451 3404 630 3468 indirecten
653 3405 830 3489 Fragesatz
859 3402 1005 3489 gebildet
1026 3402 1123 3484 wird,
1157 3403 1260 3468 findet

94 3491 186 3559 areb
213 3509 246 3568 nt
266 3506 299 3568 iu
323 3505 383 3569 der
406 3505 660 3571 archaistisehen
676 3505 751 3570 Zeit
773 3527 835 3568 nur
857 3508 918 3569 cin
934 3504 1017 3568 Mal:
1042 3505 1124 3568 Ter.
1140 3505 1259 3569 Heaut.

10 3632 13 3639 ·
104 3577 149 3701 33
165 3599 254 3682 1,58
276 3605 357 3671 illud
381 3606 550 3693 permagni
571 3607 692 3671 referre
714 3607 864 3686 arbitror,
891 3616 988 3670 utne
1011 3608 1167 3670 scientem
1190 3627 1259 3670 sen·

22 3740 24 3745 ·
117 3688 373 3773 ἱ1111111111ιί
399 3708 487 3771 dare.
520 3707 591 3771 Aus
613 3707 672 3771 der
694 3706 897 3772 klassisehen
921 3708 1022 3771 Prosa
1043 3706 1175 3770 werden
1198 3729 1260 3770 nur

10 3811 41 3856 ·‘'·
129 3803 203 3866 zuei
222 3807 341 3873 Stellen
371 3807 431 3873 der
453 3807 564 3873 Briefe
586 3808 734 3891 Ciceros,
766 3831 824 3872 aus
855 3818 1000 3894 spaterer
1023 3809 1099 3873 Zeit
1126 3808 1178 3870 cin
1201 3831 1258 3871 un-

140 3891 257 3974 stateres
279 3911 369 3976 enat
392 3911 449 3974 ees
472 3909 594 3975 aneton
618 3909 811 3995 angerent:
843 3911 920 3974 uie.
945 3909 985 3973 aa
1009 3910 1080 3976 nn..
1105 3911 1154 3990 11,
1170 3908 1258 3989 aar

10 4004 55 4061 ⁵³*
147 3995 313 4077 1111διιιίΙΙιιᾶ
336 4033 409 4075 mea
431 4012 541 4095 magni
565 4011 711 4094 interest,
736 4022 768 4075 te
791 4021 826 4075 ut
848 4011 990 4075 videam.
1025 4011 1116 4076 Aber
1138 4009 1258 4073 uneeht

10 4100 50 4151 ²3³
151 4094 189 4164 hl:
213 4109 283 4176 iam.
305 4114 343 4196 3,
364 4114 443 4194 5,5
470 4113 639 4198 utriusque
662 4121 808 4178 nostrum
830 4115 940 4197 magni
963 4113 1117 4190 interest,
1153 4111 1203 4194 [ut
1226 4120 1257 4172 tc

25 4204 46 4246 '³³
153 4197 359 4299 adamante]
382 4235 479 4300 quam
503 4214 652 4297 decedas,
674 4237 724 4279 we
744 4212 797 4278 die
814 4210 1125 4298 eingeklammerten
1143 4211 1257 4275 Worte

153 4302 211 4376 nieht
238 4313 528 4393 handschriftlich,
561 4315 700 4379 sendern
732 4315 804 4378 eine
833 4314 1035 4398 Erganzung
1064 4312 1148 4376 sind.
1195 4310 1255 4374 Als

25 4407 45 4444 ’ἵ
149 4403 221 4499 Beleg
248 4417 301 4483 hir
333 4417 457 4481 Caesar
490 4416 580 4481 kann
612 4415 702 4483 nicht
735 4416 860 4499 gehen,
894 4438 962 4480 was
991 4414 1096 4480 Suet.
1127 4411 1192 4478 Jul.
1216 4413 1257 4476 86

15 4518 41 4545 '⁸
198 4523 315 4580 anun,
327 4528 384 4569 ant.
399 4526 488 4576 syntax
502 4526 542 4566 rer
555 4528 597 4567 ne.
614 4525 662 4576 Spr.
688 4528 714 4567 11
1055 4521 1085 4570 18
