2948 4988
616 285 848 351 ..346-

164 454 243 524 Liv.
266 455 317 540 22,
340 456 391 534 81,
419 455 458 519 12
486 477 560 519 cum
590 455 812 521 -redimere
840 459 988 543 captivos
1018 458 1113 544 copia
1139 455 1227 521 tieret.
1244 483 1282 500 -α

163 557 306 623 Potestas
326 549 371 623 881
399 557 509 623 8181.
540 560 584 623 181
611 557 694 622 eben
723 580 759 623 88
787 556 905 640 seiten,
942 568 1051 622 zuerat
1078 558 1183 643 Virg.
1203 560 1235 622 Α.
1250 554 1284 630 4,

159 658 223 724 565
251 658 328 723 dum
358 660 574 775 praecipitare
603 669 759 746 potestas.
805 660 921 740 9,139
949 660 1050 724 exire.
1102 661 1193 724 Auch
1216 658 1285 735 dice,

160 761 222 825 wie
243 761 339 846 copia
362 769 421 844 881,
444 781 507 824 ern
523 759 589 824 Mal
614 760 666 826 bei
685 761 769 825 Liv
786 760 1028 847 34,13,5quo
1051 760 1144 840 vobis
1165 759 1288 848 ploret

155 854 315 927 'virtutem
330 871 473 927 vestram
489 862 670 926 ostendere
700 861 775 927 Und
797 862 880 926 noch
902 861 953 927 bei
970 863 1084 927 Lucan
1098 846 1166 927 und
1179 862 1286 928 Statius

160 962 418 1050 (8811181).-
447 961 669 1030 8888888181
689 986 717 1028 8.
740 964 797 1028 181.
823 963 905 1029 wird
927 986 989 1027 nur
1011 987 1070 1029 888
1094 963 1211 1030 Statius
1228 957 1286 1026 und

148 1065 233 1154 Ι1781.
257 1065 396 1131 Flaccus
419 1064 538 1149 bolegt.

246 1167 339 1233 Res
330 1190 363 1231 m
386 1168 548 1253 gewiasen
571 1167 732 1244 Phrasen·
765 1168 850 1232 Liv.
873 1168 925 1250 22,
947 1168 983 1237 3
1000 1168 1128 1254 28888
1149 1184 1284 1254 cognosse

161 1271 197 1333 in
217 1289 284 1333 rem
307 1280 386 1334 8881.
364 1270 453 1352 1,8
471 1270 508 1333 11
534 1268 620 1334 haud
644 1271 684 1335 ab
707 1292 741 1335 re
763 1269 907 1333 duxi-
929 1269 1059 1334 referre.
1098 1270 1200 1334 Suet.
1215 1270 1280 1350 lug

42 1370 45 1375 ’
160 1371 203 1434 94
224 1392 288 1435 non
312 1371 353 1435 ab
376 1392 411 1435 re
434 1320 534 1434 188811
556 1371 808 1455 subtexere(=
830 1346 976 1455 addere).
1022 1368 1124 1435 Gell.
1149 1371 1196 1455 18
1216 1366 1280 1451 tao

159 1473 240 1537 haec
267 1482 448 1538 notare-
478 1494 541 1536 non
571 1495 642 1537 8888
670 1472 712 1537 ab
740 1495 775 1537 re
804 1431 1278 1553 818888881.1811.1,24411

158 1595 225 1639 rem
248 1573 394 1640 cunctari
417 1573 527 1639 188811.

245 1677 429 1760 Negotium,
462 1678 636 1757 industrio,
670 1677 760 1741 labor
785 1683 829 1742 881
855 1699 883 1740 8.
912 1675 972 1741 181.
1003 1675 1115 1741 fehlen
1147 1670 1275 1740 ebenlrlls

160 1780 244 1844 noch
266 1779 300 1842 in
324 1779 383 1843 der
405 1777 671 1842 vorklaasiuchen
687 1779 780 1860 Zeit3
804 1777 966 1843 klaesisch
988 1778 1034 1842 181
1056 1800 1119 1842 nur
1140 1778 1196 1842 das
1215 1783 1275 1839 88818

162 1902 224 1945 uon
258 1880 321 1945 den
355 1880 467 1943 dreien
495 1881 528 1945 in
559 1879 617 1944 (188
643 1879 840 1965 Bedeutung
867 1878 1184 1964 „Schwieriglueit“:
1214 1874 1273 1940 (lie.

160 1982 257 2047 Tuae.
275 1982 341 2064 1,6
362 1981 439 2066 quid
461 1984 578 2064 8898111
600 1992 650 2046 881
671 1981 752 2046 haee
774 2020 814 2029 —
836 1981 1055 2047 convincere?
1082 1981 1158 2048 fam.
1175 1979 1216 2060 12,
1227 1973 1270 2057 al

161 2081 241 2147 nihil
270 2092 355 2146 88881
382 2083 505 2167 negotii
532 2082 717 2149 libertatem
746 2121 787 2132 —
815 2086 1005 2170 reciperare.
1050 2084 1120 2148 Aut.
1146 2083 1177 2162 5,
1204 2072 1272 2161 12,1

160 2185 324 2269 negotium
357 2206 511 2268 magnum
540 2193 590 2248 881
618 2187 785 2270 navigare.
830 2185 937 2252 Gaea.
962 2185 992 2248 b.
1014 2205 1048 2269 g.
1072 2183 1103 2265 2,
1134 2183 1171 2248 11
1197 2193 1272 2262 neque

161 2308 233 2351 8888
256 2284 432 2372 quidquam
455 2286 639 2368 negotii-
661 2287 746 2350 hane
768 2285 829 2350 sub
853 2285 989 2351 88881818
1018 2285 1151 2351 adoriri.
1187 2318 1219 2333 -·
1244 2273 1271 2340 1¹1

160 2388 299 2451 anderen
326 2386 522 2471 Bedeutung
556 2386 623 2451 und
653 2386 702 2452 818
735 2385 790 2451 dre.
821 2387 881 2469 εἰρ.
911 2387 963 2451 881
991 2387 1082 2453 Tac.
1110 2372 1295 2464 8881111

161 2491 298 2575 datoque
320 2488 543 2553 sacerdotibus
567 2490 699 2574 negotio
713 2527 754 2538 —
772 2510 849 2552 8888
864 2489 1059 2554 (1188888888.
1095 2486 1196 2575 (Aber
1209 2473 1272 2547 uicll

162 2592 235 2655 Liv.
259 2591 289 2672 3,
311 2589 343 2669 4,
367 2590 411 2675 9.)
448 2590 562 2656 Duroh
578 2591 740 2676 Analogie
762 2591 805 2655 181
827 2612 893 2655 nun
915 2589 1062 2656 dieaelbe
1079 2582 1272 2656 construction

161 2693 222 2757 881
241 2693 295 2757 dia
317 2691 435 2757 beiden
459 2690 635 2777 folgenden
658 2691 873 2758 Substantiva
893 2692 1125 2784 apgewendet:
1149 2676 1271 2757 11831,

164 2796 192 2875 1,
215 2796 344 2879 oquae
368 2814 482 2878 capere
505 2795 595 2860 labor
617 2805 697 2859 8881.
741 2793 847 2860 Ovid
870 2806 931 2859 881.
947 2816 1010 2859 am.
1032 2797 1059 2877 1,
1075 2796 1116 2859 31
1139 2790 1271 2882 proximu

162 2894 237 2958 huic
260 2894 351 2959 labor
374 2904 487 2959 881-
511 2918 647 2962 exorare
671 2894 824 2984 puellam.
869 2895 929 2961 Als
953 2894 1008 2961 ἅπ.
1033 2898 1094 2980 alp.
1123 2894 1201 2980 folgt
1223 2887 1272 2953 hier

161 2996 261 3060 noch:
287 2995 379 3060 Sall.
393 2998 473 3082 Jug.
490 2998 521 3081 4,
537 3000 557 3063 3
580 2998 698 3084 quibus
721 3021 877 3064 maxuma
897 3000 1059 3064 industria
1075 2996 1200 3062 videtur
1215 2985 1272 3056 8811·

162 3107 233 3162 1888
256 3097 383 3184 plebem
407 3111 463 3166 ctt.
488 3101 580 3183 („sie
603 3099 712 3165 hulten
736 3123 770 3164 88
793 3098 846 3165 fiir
868 3101 939 3164 ihre
962 3084 1273 3189 hdehstaAufgabe‘l·

128 3191 132 3196 ’
252 3199 372 3283 Operae
387 3203 527 3282 pretium
549 3208 593 3267 881
619 3225 645 3270 e.
668 3200 915 3268 18118188188
939 3223 996 3267 888
1020 3200 1147 3282 Ennius
1168 3193 1273 3276 nachgo-

162 3303 299 3386 wiesen,
329 3302 420 3367 nieht
445 3324 504 3366 aus
530 3303 723 3382 Komikern,
754 3304 816 3368 8811
839 3302 979 3367 Cicero
1009 3304 1089 3366 aber
1114 3308 1218 3367 immor
1237 3307 1272 3376 g&

166 3402 392 3468 brauchlicher
420 3403 604 3487 geworden.
649 3406 808 3490 Dugcgen
837 3404 924 3469 steht
951 3424 1062 3486 operae
1089 3409 1133 3469 881
1158 3401 1273 3467 88818188

163 3507 195 3568 in
220 3505 372 3569 auderem
389 3505 489 3570 Sinne
513 3528 612 3588 „man
634 3507 692 3571 hat
707 3507 812 3588 Zeit“,
836 3504 1040 3590 gowtihnlich
1057 3506 1118 3569 mit
1130 3497 1273 3587 Negatio:

161 3606 247 3671 Liv
272 3608 301 3689 1,
324 3608 366 3670 24
389 3629 471 3693 quae
495 3646 534 3654 -
556 3632 620 3675 non
644 3630 695 3695 op.
718 3621 767 3673 est
789 3609 918 3672 referre.
963 3608 994 3688 4,
1019 3608 1038 3671 8
1068 3627 1172 3694 neque
1191 3612 1274 3666 consu·

161 3708 318 3774 libua-
347 3732 400 3793 op.
424 3722 493 3773 erat
516 3711 549 3774 id
572 3711 739 3795 negotium
762 3732 868 3794 agere.
913 3709 942 3787 9,
966 3709 1007 3772 23
1037 3709 1157 3819 quibus
1184 3727 1225 3793 op.
1243 3699 1275 3760 411

162 3809 542 3893 18818888811888.21,
567 3812 669 3876 3nec
692 3811 935 3876 Hannibali-
958 3833 1009 3897 op.
1034 3832 1107 3875 8888
1129 3807 1275 3911 legatione

162 3914 285 3980 audire.
330 3913 450 3996 21111
485 3935 545 3977 888
577 3913 671 3979 vobio
700 3936 750 4000 op.
781 3912 972 3977 8818881188
1000 3911 1142 3997 singula.
1183 3892 1275 3988 4411

162 4037 226 4080 non
250 4037 300 4102 op.
324 4017 436 4079 sit-
464 4014 590 4080 docere.
635 4016 694 4081 Bei
722 4014 866 4080 anderen
889 4014 1035 4078 Antoren
1066 4015 1190 4079 kommt
1213 4008 1277 4074 (11811

162 4115 378 4200 Verbindung
402 4117 492 4180 nieht
479 4126 582 4216 1888

247 4216 392 4282 Pretium
421 4223 464 4282 881
492 4199 581 4295 (sta'tt
609 4238 727 4301 operae
755 4231 828 4304 pret
828 4217 893 4281 ium
920 4218 983 4300 est)
1006 4217 1097 4283 steht
1118 4241 1179 4282 nur
1197 4215 1215 4278 2
1233 4196 1279 4276 po

164 4317 814 4401 [8118811888888.1,51(1888888188
833 4343 881 4405 pr
898 4320 962 4384 fuit
977 4331 1168 4385 convertere
1181 4329 1281 4402 agmen·

161 4422 192 4504 2,
216 4422 258 4486 31)
278 4422 313 4483 ni
336 4444 383 4506 pr.
408 4421 554 4485 1881-8
514 4442 634 4493 888
637 4423 756 4487 entiae
779 4443 922 4486 noscere.
