2948 4988
480 302 708 366 ..505-

142 468 167 532 5.
206 468 314 532 deor.
341 472 368 548 1,
391 469 442 552 38,
468 471 528 535 175
554 467 639 557 quod
668 470 800 533 tandem
829 493 864 534 os
892 479 943 533 est
969 472 1056 536 tutos
1079 471 1115 556 (i.
1139 492 1165 534 e.

142 570 266 653 :talis)
290 570 434 657 patroni,
463 573 519 657 qui
549 572 589 635 ad
615 593 669 634 eas
697 593 811 635 causas
840 572 910 635 sine
937 570 1002 636 ulla
1029 573 1167 637 scientia

142 672 223 736 udet
244 673 422 737 accedere?
459 672 566 738 Serv.
590 697 642 762 ap.
666 672 734 738 Cic.
759 674 835 739 fam.
857 676 889 752 4,
910 675 941 754 5,
964 675 985 737 5
1010 683 1108 760 atque
1131 695 1168 737 ea

152 775 370 858 reminiscere,
393 797 478 862 quae
492 775 593 860 digna
615 787 673 841 tua
694 799 835 863 persona
849 786 933 840 sunt.
972 776 1084 861 (Danu
1107 775 1166 840 fol-

143 899 161 940 e
184 875 422 958 Einzelheitcn,
438 878 496 940 auf
517 878 639 941 welche
655 879 755 942 durch
772 901 809 943 eo
831 878 1052 962 hingewiescn
1068 877 1167 959 wird3

142 979 157 1041 b
181 978 239 1041 der
262 976 452 1064 Iudicativ.)
490 978 588 1042 Tusc.
617 981 648 1060 5,
674 980 724 1062 14,
748 980 786 1043 41
811 1003 843 1042 ι1.
865 979 918 1042 42.
959 980 1064 1064 Sogar
1086 981 1167 1063 nach

142 1081 200 1163 leg.
224 1080 312 1144 Man.
339 1084 353 1144 l
378 1103 478 1146 causa
500 1081 632 1145 talis-
656 1083 689 1144 in
705 1104 770 1168 qua
792 1083 895 1146 oratio
914 1081 1025 1146 deesse
1048 1082 1169 1146 nemini

177 1182 270 1245 Verr.
294 1184 356 1263 3,1
383 1186 535 1248 eiusrnodi
556 1185 637 1248 civis
662 1183 771 1270 -qui
794 1193 939 1247 removet
961 1194 1018 1249 ctt.
1057 1184 1169 1250 Ohne

142 1284 271 1347 rstrativ
300 1286 344 1348 im
368 1287 589 1369 Hauptsatzc:
623 1284 721 1350 Tusa.
744 1286 775 1367 2,
802 1287 852 1367 13,
875 1286 918 1350 30
939 1295 975 1349 ut
997 1286 1106 1351 omnia
1128 1325 1168 1334 —

142 1407 216 1449 ›ona
244 1386 388 1472 corporis
418 1397 449 1449 et
477 1386 626 1452 fortunae
655 1397 827 1474 putantur,
855 1386 1035 1474 perexigua
1056 1397 1090 1451 et
1111 1389 1168 1452 mi-

142 1485 308 1551 'ideantur
355 1489 445 1552 Abcr
467 1489 550 1553 kurz
574 1489 692 1553 vorber
719 1491 822 1553 steht:
852 1490 976 1571 omnia,
1005 1511 1088 1575 quae
1112 1512 1169 1554 na·

142 1598 319 1673 spernetur,
343 1591 375 1653 in
402 1590 496 1655 malis
527 1614 608 1656 esse.
655 1592 724 1655 Das
753 1592 795 1678 ist
822 1589 976 1654 Willkiir.
1007 1630 1037 1638 -
1064 1590 1115 1654 off.
1142 1594 1171 1673 1,

142 1693 151 1754 l
178 1692 278 1777 fortes
312 1694 412 1779 igitur
441 1704 473 1757 et
505 1694 704 1778 magnanimi
738 1703 814 1756 sunt
845 1691 987 1756 habendi
1018 1714 1085 1756 non
1116 1694 1171 1779 qui

142 1815 163 1871 1,
193 1793 250 1857 sed
280 1797 334 1881 qui
363 1794 553 1882 propulsant
587 1797 750 1860 iniuriam.
781 1833 819 1841 -
850 1793 929 1857 Man
963 1794 1063 1877 siebt,
1096 1796 1172 1860 dass

146 1945 153 1972 ,
181 1918 274 1959 wenn
303 1917 337 1960 er
365 1893 456 1961 nicht
484 1897 758 1962 cbarakterisiren
788 1896 883 1975 will,
915 1897 979 1961 den
1006 1895 1173 1962 Indieativ

155 1996 247 2060 Aber
268 1996 384 2061 hdobst
406 1998 588 2063 auflallend
610 1998 694 2063 nach
718 2001 944 2083 negativam
968 1997 1170 2084 Hauptsatz:

142 2097 232 2179 ,3,2
255 2120 314 2163 nec
337 2121 415 2164 vcro
437 2099 614 2187 quidquam
638 2100 745 2178 video,
766 2099 854 2186 quod
877 2123 942 2164 non
965 2098 1051 2165 idem
1075 2109 1106 2165 te
1124 2102 1172 2163 vi·

144 2209 213 2263 erto
237 2202 314 2268 scio.
1071 2275 1072 2278 Ἴ

144 2322 221 2365 aes.
242 2302 272 2369 b.
293 2324 324 2387 g.
344 2305 376 2385 4,
399 2304 640 2370 lunationibus
658 2328 757 2370 —ex
775 2304 892 2392 quibus
911 2313 987 2368 sunt
1005 2305 1058 2391 qui
1077 2304 1172 2391 pisci·

142 2424 200 2490 que
216 2405 287 2467 ovis
303 2405 412 2469 avium
429 2407 540 2479 vivere
558 2389 798 2472 existimantur.
825 2407 857 2489 6,
869 2407 909 2469 27
933 2415 1008 2470 sunt
1024 2407 1102 2471 item
1116 2405 1173 2491 qui

142 2514 232 2568 intur
246 2503 341 2570 alces.
366 2505 404 2569 In
420 2506 538 2571 beiden
556 2508 668 2573 Fallen
682 2507 763 2572 wird
775 2508 866 2571 nicht
880 2508 923 2570 im
937 2505 1173 2591 Allgemeincn,

142 2628 166 2669 n
183 2628 247 2671 von
267 2607 475 2673 bestimmten
489 2609 676 2695 Gattungcn
698 2608 908 2695 gesprocben.
942 2607 1056 2673 Oefter
1071 2608 1172 2673 nicht.

142 2705 204 2770 all.
228 2706 302 2771 Cat.
328 2709 376 2786 19,
400 2713 420 2772 4
443 2719 518 2774 sunt
541 2713 596 2798 qui
618 2713 664 2775 ita
687 2711 853 2775 dicunt-
877 2707 934 2773 alii
957 2712 1018 2794 (sc.
1035 2709 1172 2796 dicunt).

143 2808 260 2872 meint:
286 2812 342 2875 der
366 2811 438 2878 lnd.
462 2812 638 2877 bezeichne
660 2823 765 2877 certos
788 2812 952 2890 homines,
975 2810 1044 2875 eius
1067 2810 1174 2875 famae

142 2933 185 2974 es.
232 2911 430 2978 Schwerlich
454 2914 511 2979 hat
534 2912 655 2978 Sallust
678 2912 779 2979 daran
804 2911 953 2998 gedacbt.

149 3033 199 3075 or.
226 3012 277 3075 od.
304 3016 330 3091 1,
356 3016 427 3092 1,3
456 3025 531 3079 sunt
559 3037 638 3102 quos
663 3053 700 3062 —
726 3017 829 3079 iuvat.
859 3037 891 3077 v.
916 3013 956 3077 19
982 3015 1110 3101 estqui
1136 3052 1171 3060 —

142 3121 157 3176 1
196 3117 229 3194 1,
254 3115 290 3194 7,
313 3116 334 3179 5
361 3126 437 3179 sunt
467 3116 584 3203 quibus
616 3138 716 3180 unum
745 3139 825 3203 opus
856 3122 917 3178 est.
954 3136 1003 3200 ep.
1027 3115 1056 3196 2,
1082 3117 1110 3192 l,
1132 3115 1173 3180 63

142 3215 297 3299 ipeocat.
322 3225 382 3280 sat.
408 3219 436 3299 1,
459 3219 491 3297 4,
515 3217 653 3282 24111111
676 3209 757 3302 quos
781 3254 821 3263 -
846 3217 977 3280 minime
1005 3217 1106 3280 iuvat.
1143 3217 1173 3299 2,

142 3327 197 3378 unt
219 3317 338 3402 quibus
362 3356 401 3364 —
425 3319 550 3382 videor.
596 3317 743 3383 Seltener
765 3319 822 3382 hat
844 3340 879 3382 cr
901 3319 935 3381 in
951 3318 1058 3381 dieser
1081 3317 1172 3383 Satn·

142 3416 201 3480 den
226 3417 434 3504 Oonjunctiv.
458 3458 499 3468 —
522 3420 647 3483 Beide
669 3417 791 3483 Modi:
821 3442 872 3503 ep.
894 3419 925 3501 2,
953 3418 982 3494 2,
1010 3418 1071 3482 182
1098 3427 1175 3482 sunt

142 3542 169 3581 111
192 3518 344 3602 habeant,
368 3522 495 3608 estqui
519 3544 583 3585 non
606 3532 698 3585 curat
720 3521 850 3585 habere.
890 3518 1006 3603 (Solltc
1022 3518 1173 3583 wirklich

142 3620 304 3685 estimmte
328 3621 449 3687 Person
472 3624 614 3706 gemeint
635 3620 745 3704 sciui)
783 3621 990 3706 Umgekebrt
1012 3619 1096 3706 folgt
1118 3621 1178 3685 aul

142 3720 277 3786 rdicativ
300 3722 360 3786 der
382 3724 596 3811 Conjunetiv:
631 3721 717 3789 Ibid.
742 3747 773 3787 v.
800 3723 986 3787 129-131.
1029 3721 1110 3786 Hier
1131 3723 1175 3785 ist

142 3822 185 3886 ein
208 3821 327 3888 Grund
351 3847 390 3887 zu
414 3824 589 3889 erkennen.

143 3921 210 3988 ehlt
232 3925 285 3988 bei
308 3924 453 4009 Virgil.
500 3927 563 3990 Die
593 3927 720 4011 einzige
749 3923 866 4005 Stelle,
897 3943 947 3987 wo
976 3924 1174 4007 wenigstens

142 4025 185 4091 >d
214 4025 304 4089 Med.
334 4028 398 4089 den
426 4027 531 4092 Indic.
560 4028 616 4092 hat
644 4027 778 4114 (Georg.
802 4027 830 4103 3,
854 4025 896 4089 69
924 4023 1047 4107 mavis,
1078 4032 1172 4089 statt:

158 4128 202 4191 iat
224 4125 337 4212 liingst
358 4127 441 4192 nach
465 4127 723 4194 Handschriften
747 4127 915 4214 geandert.

142 4229 175 4292 in
202 4229 397 4294 unerhorter
427 4231 635 4295 Graecismus
663 4232 707 4294 ist
735 4231 785 4294 bei
815 4216 927 4312 Pro‘p.
956 4225 993 4307 3,
1022 4224 1110 4309 9(7),
1136 4227 1174 4289 17

142 4330 210 4394 ibus
239 4330 338 4395 Eleae
367 4332 530 4396 concurrit
559 4331 666 4417 palma
688 4329 886 4418 quadrigae,
917 4334 966 4391 est
993 4327 1112 4413 quibus
1141 4326 1175 4390 in

142 4454 148 4493 1
170 4429 277 4515 gloria
300 4442 377 4496 nata
399 4432 499 4518 pedes
523 4434 633 4515 (statt:
658 4439 734 4496 sunt
756 4431 902 4517 quibus).

142 4551 224 4592 mn,
238 4542 294 4584 ιιιιι.
308 4543 397 4593 syntax
410 4542 449 4583 <rer
463 4541 505 4583 nt.
521 4541 571 4592 spe.
585 4543 616 4584 11.
991 4535 1024 4584 33
