2948 4988
531 320 833 383 .-781-

142 491 373 574 stimmung,
398 489 503 554 wobei
527 488 685 554 ebenfalls
702 489 756 552 ein
778 490 936 572 gewissor
951 487 1151 553 Nachdruck
1174 514 1215 555 zu
1232 493 1286 555 be·

142 590 278 656 merken
300 592 359 655 ist:
390 591 516 655 Plaut.
542 592 637 654 Troo.
659 590 689 674 2,
705 590 738 672 4,
755 589 796 654 85
819 591 961 655 ostendit
977 613 1011 655 ιθ
1027 591 1106 655 mihi
1121 591 1287 656 infidelem

142 713 364 780 nunquamne
387 692 565 758 vivafore.
611 692 690 759 Cic.
721 691 816 755 Rosc.
841 693 914 755 Am.
939 691 975 773 2,
998 692 1018 756 6
1047 696 1119 757 sese
1147 692 1209 759 hoc
1237 695 1285 758 in·

142 795 261 860 columi
294 817 358 860 non
389 794 568 859 arbitratur
595 794 691 858 huius
719 793 901 857 innocentis
929 794 1161 878 patrimonium
1190 817 1286 882 posse

142 897 299 961 obtinere.
343 918 374 982 p.
399 895 545 979 Cael.,4,
570 894 610 958 10
635 894 699 959 luit
726 894 878 960 assiduus
901 917 1025 960 mecum
1049 907 1199 982 praetore
1222 919 1283 961 me.

142 999 206 1063 div.
221 999 255 1079 2,
270 997 313 1061 25
335 997 438 1062 multa
461 1019 512 1061 me
533 994 668 1062 consule
687 1018 708 1060 a
730 997 867 1082 meipso
884 996 1006 1083 scripta
1021 997 1175 1065 recitasti.
1207 997 1284 1064 fam.

142 1099 189 1181 16,
215 1100 301 1183 12,3
324 1120 429 1185 neque
451 1121 486 1163 se
508 1097 677 1164 iam·velle
696 1096 832 1161 absente
855 1120 890 1162 se
912 1099 1071 1162 rationem
1094 1098 1207 1164 haberi
1223 1102 1283 1165 sui.

142 1226 167 1287 p.
190 1201 304 1266 Deiot
326 1201 357 1284 5,
385 1200 422 1265 13
445 1208 478 1264 tc
500 1198 762 1265 Alexandrinum
785 1197 906 1264 bellum
929 1209 1063 1286 gerente
1085 1201 1284 1266 utilitatibus

142 1304 207 1368 tuis
231 1302 351 1388 paruit.
395 1301 525 1388 Nepos
547 1302 617 1366 Att.
643 1302 694 1381 11,
716 1303 738 1364 4
759 1302 816 1388 qui
838 1302 969 1387 quidem
993 1301 1166 1368 Serviliam
1188 1303 1285 1369 Bruti

142 1412 276 1469 natrem
298 1426 363 1470 non
385 1406 492 1468 minus
516 1414 590 1493 post
611 1414 748 1468 mortem
771 1403 841 1467 eius
864 1424 961 1489 quarn
989 1403 1124 1470 florente
1147 1404 1205 1491 (sc.
1231 1410 1281 1487 θο)

142 1505 284 1571 coluerit.
323 1504 433 1571 Caes.
455 1505 488 1571 b.
504 1528 530 1569 c.
554 1506 584 1584 3,
609 1508 625 1569 1
650 1505 808 1570 dictatore
831 1505 972 1570 habente
992 1506 1128 1571 comitia
1142 1506 1283 1571 Caesare

142 1606 291 1676 :onsules
320 1618 472 1672 creantur
501 1607 611 1673 Julius
639 1607 761 1673 Caesar
788 1618 821 1671 et
847 1608 882 1675 P.
912 1606 1080 1672 Servilius.
1123 1606 1208 1671 Liv.
1231 1608 1282 1689 24,

142 1711 168 1792 l,
192 1710 214 1775 9
236 1712 403 1797 praesenti
425 1709 530 1774 Fabio
554 1718 652 1794 atque
681 1710 752 1795 ipso
775 1708 909 1774 comitia
931 1709 1071 1774 habente
1094 1709 1283 1774 consulatus

142 1805 360 1877 continuatus.
404 1812 456 1896 38,
478 1812 530 1890 54,
557 1813 571 1874 l
597 1811 695 1894 Cato,
726 1811 782 1896 qui
804 1810 881 1875 vivo
911 1831 1040 1897 quoque
1062 1833 1100 1876 eo
1122 1810 1284 1876 adlatrare

142 1913 398 2000 magnitudinem
422 1915 491 1978 eius
514 1913 629 1977 solitus
654 1922 732 1977 erat.
777 1913 814 1995 3,
839 1913 896 1993 56,
920 1913 949 1977 9.
994 1912 1052 1997 22,
1074 1913 1132 1993 29,
1156 1913 1185 1977 6.
1229 1915 1282 1997 28,

142 2017 194 2098 [0,
217 2016 249 2081 8.
294 2015 349 2095 39,
372 2015 428 2098 40,
452 2015 480 2078 7.
525 2011 624 2082 Vell.
648 2014 683 2097 2,
706 2013 762 2096 44,
787 2015 803 2077 1
828 2015 887 2080 hoc
916 2015 1018 2100 igitur
1045 2013 1177 2079 consule
1198 2016 1284 2081 inter

142 2126 269 2183 eum'et
291 2116 350 2181 Cn.
375 2117 564 2202 Pompeium
587 2126 619 2180 et
642 2116 687 2179 M.
711 2113 866 2180 Crassum
888 2116 971 2180 inita
993 2117 1159 2201 potentiae
1182 2117 1281 2182 socie·

142 2231 198 2285 tas.
244 2220 379 2283 Lucan
401 2219 433 2300 5,
456 2217 520 2282 384
542 2215 645 2281 laetus
669 2217 747 2281 fecit
769 2239 804 2280 se
826 2215 960 2282 consule
982 2217 1095 2282 fastos.
1140 2217 1162 2283 J
1170 2240 1282 2288 uven.

142 2323 188 2400 11,
212 2322 254 2386 33
277 2343 336 2385 ιθιι
358 2358 398 2368 -
420 2319 554 2384 affectas
577 2328 610 2383 te
632 2316 765 2383 consule
787 2327 842 2383 ctt.

221 2424 253 2487 4.
292 2421 332 2486 Ιιι
354 2421 522 2486 dholicher
544 2420 657 2485 Weise
685 2419 773 2485 steht
800 2418 883 2484 auch
906 2418 966 2483 das
991 2418 1139 2485 absolute
1161 2420 1279 2484 Partic.

142 2526 280 2609 perfecti,
303 2547 358 2589 um
374 2522 478 2588 durch
501 2522 554 2586 die
575 2523 672 2586 Form
694 2519 753 2585 der
768 2520 1041 2604 subordination,
1065 2523 1171 2586 wobei
1186 2521 1282 2587 beide

142 2625 363 2710 Handlungen
395 2607 577 2690 deutlicher
607 2632 760 2708 getronnt
792 2622 882 2706 sind,
914 2624 968 2688 die
1001 2623 1211 2708 Zeitfolge
1240 2647 1281 2688 zu

142 2726 395 2793 kennzeichnen.
439 2726 564 2790 Hierzu
587 2725 716 2791 werden
738 2747 797 2789 aus
822 2725 936 2790 Cicero
959 2724 1057 2788 keine
1079 2723 1202 2811 Belttge
1224 2748 1280 2790 an-

142 2831 291 2916 geftihrt,
313 2828 399 2895 wohl
421 2828 501 2893 aber
522 2850 581 2892 aus
605 2827 771 2892 Caesar:
800 2829 831 2893 b.
848 2850 878 2912 g.
897 2829 924 2910 1,
939 2827 982 2891 40
1004 2836 1183 2896 convocato
1206 2849 1280 2891 con·

142 2932 210 2997 silio
233 2932 440 3017 omniumque
462 2928 612 2993 ordinum
628 2928 670 2994 ad
693 2928 728 2992 id
751 2929 921 2994 consilium
941 2927 1097 2994 adhibitis
1121 2930 1280 2994 centurio·

142 3033 235 3099 nibus
260 3032 470 3098 vehementer
492 3051 546 3096 θοι
570 3031 742 3095 incusavit.
772 3029 803 3113 2,
820 3030 862 3094 22
884 3019 962 3094 cum¹
981 3028 1122 3094 diversis
1146 3030 1279 3116 legioni-

142 3135 197 3201 bus
218 3133 304 3198 aliae
331 3133 396 3198 alia
424 3133 458 3197 in
487 3143 580 3219 parte
609 3131 757 3197 hostibus
780 3133 976 3199 resisterent.
1014 3132 1049 3211 3,
1074 3132 1114 3196 14
1135 3133 1280 3199 turribus

142 3235 290 3303 excitatis
314 3274 353 3284 —-
374 3217 444 3300 has.
488 3235 526 3317 4,
555 3236 594 3298 21
625 3234 742 3320 quibus
771 3233 892 3299 auditis
917 3271 967 3340 -‘
979 3255 1044 3298 θοι.
1087 3234 1123 3318 5,
1145 3234 1188 3298 44
1216 3251 1280 3322 quo

142 3348 291 3426 percusso
314 3346 348 3401 et
369 3337 556 3401 exanimato
571 3337 656 3401 huno
679 3335 779 3400 scutis
795 3344 972 3422 protegunt
993 3334 1116 3417 hostes,
1139 3336 1173 3399 in
1189 3335 1280 3401 illum

142 3440 203 3505 tela
224 3439 399 3504 coniciunt.
440 3438 474 3521 6,
497 3438 519 3501 2
540 3437 713 3502 interfecto
742 3435 966 3502 Indutiomaro
991 3479 1026 3486 -
1051 3436 1094 3501 a‘d
1117 3437 1186 3501 eius
1209 3459 1280 3525 pro-

142 3543 277 3628 pinquos
300 3550 356 3604 ott.
393 3540 423 3618 6,
445 3539 467 3602 4
489 3538 659 3603 obsidibus
682 3539 848 3631 imperatis
872 3576 911 3586 -
936 3539 1006 3604 hos.
1044 3538 1074 3620 6,
1097 3538 1140 3603 43
1162 3560 1280 3625 magno

142 3650 250 3709 coacto
272 3664 407 3706 numero
430 3678 471 3688 -
494 3640 631 3705 dimittit
654 3642 713 3724 (sc.
737 3662 808 3704 eum
832 3638 911 3704 oder
934 3637 1015 3722 eos).
1060 3640 1095 3724 l,
1118 3640 1140 3703 4
1161 3661 1279 3706 convo-

142 3746 218 3809 catis
241 3743 310 3808 suis
325 3741 498 3808 clientibus
521 3741 618 3806 facile
640 3742 786 3806 incendit
801 3742 896 3826 (eos).
926 3740 967 3805 ts
990 3741 1110 3806 coactis
1133 3743 1278 3828 equitum

142 3855 209 3912 octo
231 3843 365 3927 milibus
388 3883 429 3892 —
451 3844 541 3909 haec.
576 3845 606 3909 b.
631 3867 657 3908 c.
683 3847 716 3926 l,
739 3844 780 3909 36
808 3843 927 3931 quibus
950 3842 1073 3906 effectis
1096 3880 1133 3890 -
1159 3841 1210 3907 his
1234 3843 1278 3908 D.

142 3947 274 4013 Brutum
301 3947 457 4034 praeficit.
512 3947 554 4011 66
581 3946 622 4010 iis
651 3985 692 3993 —
721 3950 761 4011 ab
792 3944 956 4032 equitibus
986 3947 1142 4031 correptis
1171 3944 1209 4010 fit
1237 3945 1278 4010 ab

142 4049 185 4114 his
206 4049 336 4114 certior.
367 4049 453 4132 2,19
475 4048 623 4114 deductis
647 4049 752 4112 tribus
775 4048 809 4111 in
832 4068 939 4111 arcem
955 4044 1068 4133 oppidi
1090 4047 1277 4113 cohortibus

142 4188 174 4198 -
197 4149 351 4216 cobortes
374 4152 479 4218 eiecit.
515 4151 545 4229 3,
570 4151 590 4214 9
613 4148 731 4235 ligneis
755 4148 878 4214 effectis
902 4145 1060 4231 turribus,
1090 4148 1128 4213 iis
1152 4171 1188 4213 ιθ
1209 4172 1277 4214 mu-

142 4253 278 4318 nierunt.
315 4253 357 4317 53
380 4262 536 4338 scutoque
558 4252 599 4316 ad
622 4274 695 4315 eum
719 4250 820 4316 relato
844 4250 939 4314 -in
962 4270 1010 4313 eo.
1049 4248 1143 4314 Eben
1167 4273 1202 4314 ιο
1226 4251 1278 4316 5θί

142 4354 293 4448 Livius:
326 4354 385 4438 32,
414 4355 469 4436 22,
502 4355 541 4419 10
576 4355 729 4441 Dymaeis
763 4353 867 4439 captis
897 4391 935 4401 -
964 4372 1038 4416 cum
1071 4352 1187 4416 redimi
1223 4374 1277 4419 θοι

142 4456 297 4523 ζιιιιίιιθι.
320 4478 371 4542 cp.
388 4457 439 4541 38,
456 4458 472 4519 l
489 4456 602 4543 paucis
617 4494 653 4504 -
668 4455 788 4542 elapsis
805 4475 914 4521 eorum
931 4452 1113 4518 absentium
1129 4454 1277 4541 direptae
