2924 4994
697 285 975 350 -718-·

325 455 386 520 Bei
401 455 546 520 Cicero
570 454 652 518 wird
671 455 757 541 jetzt
774 454 808 517 in
830 452 1006 538 folgenden
1022 455 1103 522 zvvei
1120 452 1243 519 Stellen
1263 450 1382 528 fichus

240 559 306 623 nisi
327 565 406 623 statt
427 559 464 622 ai
485 557 631 642 gelesen:
656 556 748 620 Verr.
764 558 784 620 3
799 558 829 638 ἕ.
846 555 918 621 223.
952 557 1044 620 fiac
1066 558 1095 637 §.
1113 555 1165 620 80.
1202 555 1266 621 Mil
1280 550 1393 621 secut

242 657 393 743 verlangt
415 658 514 722 Hand
538 658 571 722 S.
597 657 657 722 189
679 656 824 722 dissolbe
846 658 1047 742 llenderung
1069 655 1112 721 ad
1135 657 1205 721 Art.
1231 648 1401 738 16,15‚3

240 782 293 824 me
315 758 404 825 nullo
427 759 523 825 modo
546 758 654 824 facere
677 781 787 847 posse,
811 761 844 824 ni
867 757 947 823 mihi
970 756 1178 846 exploratum
1201 769 1289 824 esset
1309 752 1413 845 (wie

241 861 355 926 Baiter
376 862 460 926 noch
483 861 582 944 lieet).
628 861 789 946 Dagegen
811 861 898 926 steht
920 863 957 926 ni
977 861 1022 925 im
1044 861 1145 926 Sinne
1167 882 1234 925 von
1255 862 1284 926 si
1304 875 1418 926 aon:

109 972 113 988 '
242 964 334 1026 Verr.
358 964 378 1028 3
401 967 431 1045 ξ.
451 963 510 1027 149
533 986 621 1040 nam,
644 963 679 1026 ni
701 963 747 1026 ita
770 972 871 1045 esset,
895 986 953 1028 cur
975 974 1012 1028 tu
1035 963 1218 1049 Apronium
1241 961 1427 1026 malehas

243 1103 281 1112 —-
307 1065 461 1129 decumas
484 1066 555 1150 agri
578 1065 731 1130 Leontini
754 1064 905 1129 sumere?
948 1063 1127 1130 Aehnlieh:
1150 1087 1183 1128 n.
1207 1065 1276 1129 d.1
1299 1069 1355 1147 ξ-
1396 1061 1427 1127 77

117 1171 123 1185 ⁸
242 1166 328 1252 quod
351 1167 385 1231 ni
408 1166 454 1232 ita
476 1177 573 1249 esset,
596 1189 654 1231 eur
676 1189 741 1232 non
764 1165 828 1230 -7
872 1169 907 1249 §.s
928 1166 989 1230 122
1011 1165 1099 1253 quod
1120 1167 1157 1231 ni
1179 1167 1228 1231 ita
1249 1166 1307 1250 sit,
1364 1187 1433 1230 <cor

242 1289 436 1333 veneramur
462 1266 566 1332 deos?
610 1269 664 1333 fin.
687 1269 707 1332 3
730 1272 760 1350 ξ.
784 1268 825 1334 66
847 1267 933 1354 quod
961 1268 993 1331 ni
1016 1270 1063 1333 ita
1085 1289 1120 1332 se
1146 1266 1299 1350 haberet,
1351 1289 1432 1334 :nec

243 1369 388 1434 iustitiae
418 1368 503 1434 ullus
532 1379 619 1435 esset
646 1391 706 1434 neo
735 1368 874 1434 bonitati
901 1369 1001 1434 locus.
1045 1369 1141 1434 Tuso.
1163 1369 1186 1434 5
1208 1373 1239 1452 ᾖ.
1264 1370 1342 1435 115>
1403 1372 1430 1436 ni

242 1471 289 1537 ita
311 1494 345 1535 se
368 1492 419 1534 res
441 1471 589 1536 haberet.
627 1474 667 1535 de
690 1492 756 1535 sen.
780 1476 811 1553 ξ.
827 1471 867 1535 67
891 1469 977 1557 q'uod
1001 1470 1035 1535 ni
1057 1472 1104 1536 ita
1126 1469 1300 1554 accideret,
1335 1491 1427 1536 :nne

243 1572 305 1636 lius
335 1581 368 1636 et
394 1574 586 1658 prudentius
616 1572 792 1638 viveretur.
837 1570 1068 1638 Auflallender
1095 1571 1170 1637 sind
1199 1571 1299 1638 sehon
1366 1571 1426 1637 fol.

243 1674 350 1760 gende
371 1664 504 1759 8161166,
527 1699 576 1741 wo
598 1697 674 1739 man
696 1677 761 1740 nisi
784 1683 952 1740 erwartet:
977 1674 1030 1739 off.
1046 1675 1067 1738 2
1082 1679 1114 1757 ξ.
1129 1674 1170 1740 67
1195 1672 1423 1743 admonebat

243 1798 296 1840 me
318 1797 370 1840 res
393 1787 486 1842 ut-
507 1776 722 1863 deplorarem,
745 1777 779 1839 ni
801 1798 932 1841 vererer
953 1798 994 1840 ne
1016 1785 1073 1841 ott.
1111 1774 1290 1842 Dasselbe:
1311 1773 1415 1845 fan.

243 1878 281 1960 6,
306 1878 341 1960 6,
364 1878 386 1941 4
413 1878 553 1943 dicerem
575 1916 616 1927 —
639 1878 674 1942 ni
697 1899 828 1942 vererer
850 1899 900 1941 ne.
944 1878 1055 1959 3,·10‚
1077 1878 1095 1942 7
1118 1899 1273 1965 quererer
1293 1913 1369 1926 --
1384 1885 1411 1949 ni

244 2001 384 2065 purgare
411 2003 462 2044 me
492 1981 555 2044 tibi
584 1979 724 2044 mallem.
769 1979 808 2043 In
836 1978 895 2042 der
922 1977 1110 2066 Sponsio:
1138 1980 1173 2044 in
1200 1979 1268 2045 Pis.
1295 1983 1346 2062 ἃ.
1371 1982 1404 2049 58

244 2104 317 2146 eum
334 2103 393 2166 ego
410 2103 481 2145 eum
499 2081 746 2146 Caelimontana
768 2082 921 2146 introisse
943 2081 1114 2165 dixissem,
1138 2083 1315 2168 sponsione
1338 2101 1393 2167 me,

243 2185 277 2247 ni
300 2182 471 2268 Esquilina
494 2184 674 2264 introisset,
697 2182 874 2249 lacessivit.
912 2183 966 2250 off.
990 2184 1011 2248 3
1033 2186 1063 2266 6.
1085 2185 1125 2249 77
1149 2206 1223 2248 cum
1246 2185 1274 2249 is
1294 2203 1386 2268 spon·

245 2287 369 2350 sionem
392 2285 541 2351 fecisset:
563 2286 598 2349 ni
620 2286 671 2350 vir
693 2284 798 2350 bonus
821 2293 915 2349 esset.
960 2286 1054 2351 Verr.
1078 2285 1099 2351 3
1122 2290 1152 2368 ξ.
1179 2286 1240 2352 135
1261 2286 1378 2374 sponsio

245 2397 312 2452 est:
336 2388 370 2451 ni
393 2398 425 2452 te
448 2388 615 2474 Apronius
639 2387 762 2452 socium
785 2386 819 2449 in
842 2386 988 2453 decumis
1011 2408 1081 2452 esse
1104 2386 1204 2453 dicat.
1241 2410 1271 2474 p.
1292 2386 1370 2452 (laco.

245 2493 274 2571 §.
296 2490 349 2554 45.
394 2490 488 2555 Auch
510 2492 540 2555 si
560 2510 625 2555 noa
651 2487 737 2553 steht
760 2489 793 2551 in
816 2487 875 2551 der
897 2487 1053 2575 Sponsioz
1081 2513 1112 2575 p.
1139 2487 1271 2570 Quinet
1292 2492 1318 2570 ξ.
1335 2485 1368 2549 30

245 2590 336 2654 iubet
359 2590 609 2671 P.'Quinotium
640 2590 847 2675 sponsionem
869 2611 942 2654 cum
967 2590 1043 2656 Sex.
1067 2591 1194 2655 Naevio
1218 2592 1327 2655 facere:
1342 2588 1362 2648 si

244 2692 331 2755 bona
347 2716 406 2756 sua
422 2731 459 2739 —
478 2693 547 2757 dies
569 2695 704 2776 triginta
726 2714 878 2780 possessa
893 2713 958 2756 non
974 2703 1092 2757 essent.
1130 2686 1359 2773 1666666684·

245 2794 464 2877 Desgleichen
493 2795 545 2859 bei
575 2796 929 2877 Versioherungen
956 2794 990 2857 in
1019 2796 1077 2859 der
1099 2795 1200 2859 Form
1228 2793 1283 2857 der
1304 2790 1356 2854 De·

244 2897 427 2959 testatio.
473 2897 516 2961 So
541 2896 640 2960 echon
664 2898 748 2961 oben
771 2896 825 2961 bei
848 2894 976 2960 Plaut.
1001 2895 1120 2960 Bacch.
1141 2897 1206 2961 504
1228 2893 1290 2959 und
1307 2888 1357 2954 all.

245 2997 339 3061 Most.
367 2998 440 3065 222.
486 2998 566 3071 Cio.
591 2999 667 3062 fam.
691 2999 719 3077 7,
747 2998 794 3079 13,
819 2999 835 3060 1
859 2998 989 3076 moriar,
1014 2999 1106 3061 ni-
1135 3009 1225 3083 puto.
1262 2996 1357 3060 Varro

245 3119 271 3160 r.
294 3119 320 3160 r.
344 3099 375 3178 3,
398 3099 428 3177 3,
455 3100 493 3162 10
516 3122 661 3184 peream,
688 3100 722 3162 ni
745 3101 867 3185 piscem
895 3102 1009 3183 putavi
1038 3120 1119 3187 esse.
1165 3099 1258 3164 Aueh
1278 3089 1357 3161 nita

246 3219 327 3263 nott:
350 3198 439 3262 Hor.
462 3210 522 3263 sat.
547 3201 580 3279 2,
607 3204 639 3278 1,
663 3201 683 3264 6
705 3222 839 3286 peream.
859 3199 960 3281 male,
991 3201 1018 3264 si
1041 3222 1105 3265 non
1132 3203 1285 3289 optimum
1302 3199 1356 3259 erat

330 3303 400 3364 Aus
423 3300 544 3366 Caesar
566 3304 631 3367 und
655 3300 778 3367 Sallust
799 3301 881 3365 wird
905 3302 1011 3367 nichts
1034 3302 1133 3367 citirt.

330 3401 464 3487 Virgil
486 3404 665 3488 gebraueht
686 3405 722 3468 ni
746 3402 889 3489 beliebig
911 3404 965 3467 fur
978 3406 1008 3469 si
1029 3426 1093 3470 aon
1109 3408 1177 3470 und
1199 3405 1276 3471 nisi:
1295 3392 1355 3472 G-4r

248 3503 308 3567 116
330 3504 364 3565 ni
386 3506 451 3568 iam
475 3505 549 3570 vela
571 3508 698 3570 traham
723 3544 760 3551 —
784 3506 921 3570 forsitan
944 3528 1106 3571 canerem.
1144 3508 1227 3572 Aen.
1252 3492 1357 3583 l,5811i

246 3605 356 3686 faciat,
380 3643 421 3652 -
443 3607 561 3671 ferant.
598 3606 662 3670 392
685 3609 717 3669 ni
740 3607 864 3671 frustra
885 3608 1035 3671 docuere.
1073 3607 1191 3686 2,·177
1213 3629 1270 3672 neo
1290 3615 1357 3690 posse

246 3708 448 3772 —exscindi
471 3710 645 3792 Pergama,
669 3708 777 3771 omina
799 3709 834 3772 ni
856 3719 1007 3796 repetant
1029 3709 1140 3793 Argis.
1179 3711 1242 3774 599
1263 3709 1358 3772 Mel

245 3830 324 3872 cura
347 3810 489 3891 resistat,
514 3811 579 3873 iam
601 3809 750 3872 flammae
773 3809 907 3874 tulerint
929 3820 987 3874 ctt.
1031 3810 1061 3889 6,
1079 3811 1143 3875 358
1166 3813 1231 3877 iam
1253 3818 1312 3873 tuta
1327 3810 1357 3864 ll·

245 3909 372 3991 nebam,
395 3912 429 3983 ni
455 3949 491 3959 -
516 3912 701 3975 invasisset.
740 3912 770 3992 8,
786 3912 849 3977 523
871 3913 906 3975 ni
928 3910 1082 3977 dedisset.
1122 3913 1152 3994 7,
1172 3913 1235 3978 433
1255 3912 1286 3975 ni
1303 3905 1358 3971 166

246 4018 315 4090 tur,
344 4013 472 4079 sentiat.
519 4014 572 4097 12,
595 4013 658 4077 668
681 4014 715 4077 ni
738 4012 897 4096 fatentur,
926 4035 1047 4078 eruam.
1092 4013 1227 4080 Horaz
1250 4001 1359 4077 seutri

246 4110 313 4172 und
335 4114 371 4175 si·
384 4133 449 4177 nort
472 4112 623 4198 parallel,
647 4138 698 4200 ep.
717 4117 743 4199 1,
759 4116 789 4197 2,
806 4116 848 4180 34
870 4117 902 4180 ni
919 4137 1033 4202 posces
1050 4155 1090 4165 -
1107 4116 1135 4179 si
1152 4140 1218 4182 non
1232 4107 1358 4180 intendes·

332 4213 391 4275 Bei
409 4215 547 4279 Livius
571 4218 615 4280 ist
629 4217 750 4281 wieder
767 4217 916 4282 dreicrlei
936 4241 977 4282 zu
1000 4218 1260 4282 unterscheiden.
1295 4213 1358 4279 Ersl·

248 4309 311 4372 lich
341 4315 522 4394 gebraueht
545 4340 579 4380 er
601 4320 637 4381 m'
663 4339 747 4401 ganz
777 4317 959 4402 regelrecht
981 4319 1025 4383 im
1050 4319 1151 4386 Sinne
1174 4343 1238 4387 von
1258 4320 1285 4384 si
1302 4326 1360 4378 ⁷le

251 4411 279 4489 1,
302 4410 352 4490 22,
376 4413 395 4474 6
418 4436 469 4478 res
493 4419 666 4501 repetitum
689 4440 724 4482 se
746 4421 892 4504 venisse,
922 4422 957 4486 ni
978 4422 1172 4508 reddantur,
1202 4418 1311 4488 bellum
1328 4412 1361 4474 il·
