<?xml version="1.0" encoding="UTF-8"?>
<!DOCTYPE html PUBLIC "-//W3C//DTD XHTML 1.0 Transitional//EN"
    "http://www.w3.org/TR/xhtml1/DTD/xhtml1-transitional.dtd">
<html xmlns="http://www.w3.org/1999/xhtml" xml:lang="en" lang="en">
 <head>
  <title>
</title>
<meta http-equiv="Content-Type" content="text/html;charset=utf-8" />
  <meta name='ocr-system' content='tesseract 3.04.00' />
  <meta name='ocr-capabilities' content='ocr_page ocr_carea ocr_par ocr_line ocrx_word'/>
</head>
<body>
  <div class='ocr_page' id='page_1' title='image "./historischesynt01draegoog/historischesynt01draegoog_0157.png"; bbox 0 0 2948 4988; ppageno 0'>
   <div class='ocr_carea' id='block_1_1' title="bbox 618 289 851 353">
    <p class='ocr_par' dir='ltr' id='par_1_1' title="bbox 618 289 851 353">
     <span class='ocr_line' id='line_1_1' title="bbox 618 289 851 353; baseline 0.004 -1"><span class='ocrx_word' id='word_1_1' title='bbox 618 324 658 336; x_wconf 91' lang='lat'>-—</span> <span class='ocrx_word' id='word_1_2' title='bbox 705 290 766 353; x_wconf 90' lang='grc'>142</span> <span class='ocrx_word' id='word_1_3' title='bbox 795 289 851 338; x_wconf 79' lang='grc'>’-</span> 
     </span>
    </p>
   </div>
   <div class='ocr_carea' id='block_1_2' title="bbox 84 440 1309 3673">
    <p class='ocr_par' dir='ltr' id='par_1_2' title="bbox 84 440 1309 2250">
     <span class='ocr_line' id='line_1_2' title="bbox 159 440 1308 528; baseline 0.006 -24"><span class='ocrx_word' id='word_1_4' title='bbox 159 440 227 506; x_wconf 90' lang='lat' dir='ltr'>sich</span> <span class='ocrx_word' id='word_1_5' title='bbox 250 441 365 505; x_wconf 92' lang='lat' dir='ltr'>nicht</span> <span class='ocrx_word' id='word_1_6' title='bbox 386 441 648 525; x_wconf 83' lang='lat' dir='ltr'>gegenseitig</span> <span class='ocrx_word' id='word_1_7' title='bbox 675 440 996 523; x_wconf 86' lang='lat' dir='ltr'>ausscbliessen,</span> <span class='ocrx_word' id='word_1_8' title='bbox 1025 442 1169 507; x_wconf 84' lang='lat' dir='ltr'>sonde&#39;rn</span> <span class='ocrx_word' id='word_1_9' title='bbox 1191 466 1308 528; x_wconf 80' lang='lat' dir='ltr'>„wenn</span> 
     </span>
     <span class='ocr_line' id='line_1_3' title="bbox 159 539 1309 628; baseline 0.004 -22"><span class='ocrx_word' id='word_1_10' title='bbox 159 541 301 607; x_wconf 85' lang='lat' dir='ltr'>-oder</span> <span class='ocrx_word' id='word_1_11' title='bbox 326 544 444 606; x_wconf 85' lang='lat' dir='ltr'>wenn“</span> <span class='ocrx_word' id='word_1_12' title='bbox 466 540 640 607; x_wconf 85' lang='lat' dir='ltr'>bedenten.</span> <span class='ocrx_word' id='word_1_13' title='bbox 670 541 735 606; x_wconf 88' lang='lat' dir='ltr'>Dio</span> <span class='ocrx_word' id='word_1_14' title='bbox 758 539 1004 606; x_wconf 85' lang='lat' dir='ltr'>vorklassischo</span> <span class='ocrx_word' id='word_1_15' title='bbox 1026 541 1105 608; x_wconf 91' lang='lat' dir='ltr'>Zeit</span> <span class='ocrx_word' id='word_1_16' title='bbox 1125 544 1309 628; x_wconf 86' lang='lat' dir='ltr'>gebraucbt</span> 
     </span>
     <span class='ocr_line' id='line_1_4' title="bbox 84 642 1307 725; baseline 0.007 -21"><span class='ocrx_word' id='word_1_17' title='bbox 84 694 90 704; x_wconf 92' lang='lat'>.</span> <span class='ocrx_word' id='word_1_18' title='bbox 157 647 187 709; x_wconf 81' lang='lat' dir='ltr'>si</span> <span class='ocrx_word' id='word_1_19' title='bbox 209 682 247 692; x_wconf 97' lang='lat'>—</span> <span class='ocrx_word' id='word_1_20' title='bbox 270 646 334 710; x_wconf 82' lang='lat' dir='ltr'>sive</span> <span class='ocrx_word' id='word_1_21' title='bbox 357 644 434 707; x_wconf 87' lang='lat' dir='ltr'>aber</span> <span class='ocrx_word' id='word_1_22' title='bbox 457 644 539 707; x_wconf 91' lang='lat' dir='ltr'>auch</span> <span class='ocrx_word' id='word_1_23' title='bbox 567 642 620 706; x_wconf 82' lang='lat' dir='ltr'>siir</span> <span class='ocrx_word' id='word_1_24' title='bbox 649 645 713 706; x_wconf 77' lang='lat' dir='ltr'>aive</span> <span class='ocrx_word' id='word_1_25' title='bbox 736 680 774 690; x_wconf 94' lang='lat'><em>-</em></span> <span class='ocrx_word' id='word_1_26' title='bbox 797 644 863 707; x_wconf 85' lang='lat' dir='ltr'>sive</span> <span class='ocrx_word' id='word_1_27' title='bbox 883 642 955 725; x_wconf 81' lang='lat' dir='ltr'>„sei</span> <span class='ocrx_word' id='word_1_28' title='bbox 978 663 1012 707; x_wconf 84' lang='lat' dir='ltr'>es</span> <span class='ocrx_word' id='word_1_29' title='bbox 1035 642 1114 708; x_wconf 84' lang='lat' dir='ltr'>dass</span> <span class='ocrx_word' id='word_1_30' title='bbox 1138 682 1177 694; x_wconf 90' lang='lat'><em>-</em></span> <span class='ocrx_word' id='word_1_31' title='bbox 1202 648 1252 711; x_wconf 88' lang='lat' dir='ltr'>sei</span> <span class='ocrx_word' id='word_1_32' title='bbox 1274 660 1307 712; x_wconf 80' lang='lat' dir='ltr'>es</span> 
     </span>
     <span class='ocr_line' id='line_1_5' title="bbox 158 743 1308 830; baseline 0.004 -20"><span class='ocrx_word' id='word_1_33' title='bbox 158 745 268 830; x_wconf 87' lang='lat' dir='ltr'>dass“,</span> <span class='ocrx_word' id='word_1_34' title='bbox 299 743 369 809; x_wconf 89' lang='lat' dir='ltr'>also</span> <span class='ocrx_word' id='word_1_35' title='bbox 401 746 446 808; x_wconf 91' lang='lat' dir='ltr'>im</span> <span class='ocrx_word' id='word_1_36' title='bbox 478 743 872 809; x_wconf 87' lang='lat' dir='ltr'>ausschliessendan</span> <span class='ocrx_word' id='word_1_37' title='bbox 904 746 1022 830; x_wconf 80' lang='lat' dir='ltr'>Sinna,</span> <span class='ocrx_word' id='word_1_38' title='bbox 1055 747 1219 813; x_wconf 64' lang='lat' dir='ltr'>zuntcbst</span> <span class='ocrx_word' id='word_1_39' title='bbox 1250 751 1308 815; x_wconf 85' lang='lat' dir='ltr'>mit</span> 
     </span>
     <span class='ocr_line' id='line_1_6' title="bbox 161 844 1306 938; baseline 0.003 -26"><span class='ocrx_word' id='word_1_40' title='bbox 161 855 353 934; x_wconf 83' lang='lat' dir='ltr'>getrcnnten</span> <span class='ocrx_word' id='word_1_41' title='bbox 376 844 512 912; x_wconf 84' lang='lat' dir='ltr'><strong>Verbis:</strong></span> <span class='ocrx_word' id='word_1_42' title='bbox 535 844 592 908; x_wconf 99' lang='grc' dir='ltr'>ΡΙ.</span> <span class='ocrx_word' id='word_1_43' title='bbox 616 845 716 910; x_wconf 86' lang='lat' dir='ltr'>Stich.</span> <span class='ocrx_word' id='word_1_44' title='bbox 740 846 804 909; x_wconf 87' lang='grc'>419</span> <span class='ocrx_word' id='word_1_45' title='bbox 827 848 855 910; x_wconf 84' lang='lat' dir='ltr'>si</span> <span class='ocrx_word' id='word_1_46' title='bbox 877 868 938 931; x_wconf 87' lang='lat' dir='ltr'>ego</span> <span class='ocrx_word' id='word_1_47' title='bbox 954 856 1079 911; x_wconf 86' lang='lat' dir='ltr'>taceam</span> <span class='ocrx_word' id='word_1_48' title='bbox 1101 870 1160 914; x_wconf 83' lang='lat' dir='ltr'>san</span> <span class='ocrx_word' id='word_1_49' title='bbox 1183 848 1306 938; x_wconf 87' lang='lat' dir='ltr'>loquar,</span> 
     </span>
     <span class='ocr_line' id='line_1_7' title="bbox 158 944 1307 1018; baseline 0.004 -4"><span class='ocrx_word' id='word_1_50' title='bbox 158 951 227 1014; x_wconf 86' lang='lat' dir='ltr'>scio</span> <span class='ocrx_word' id='word_1_51' title='bbox 255 949 338 1012; x_wconf 86' lang='lat' dir='ltr'>scire</span> <span class='ocrx_word' id='word_1_52' title='bbox 365 956 407 1011; x_wconf 88' lang='lat' dir='ltr'>to.</span> <span class='ocrx_word' id='word_1_53' title='bbox 452 945 530 1011; x_wconf 92' lang='lat' dir='ltr'>Und</span> <span class='ocrx_word' id='word_1_54' title='bbox 565 955 600 1009; x_wconf 79' lang='lat' dir='ltr'>to</span> <span class='ocrx_word' id='word_1_55' title='bbox 630 944 713 1011; x_wconf 89' lang='lat' dir='ltr'>noch</span> <span class='ocrx_word' id='word_1_56' title='bbox 741 945 811 1010; x_wconf 89' lang='lat' dir='ltr'>drei</span> <span class='ocrx_word' id='word_1_57' title='bbox 840 945 918 1013; x_wconf 86' lang='lat' dir='ltr'>Mal.</span> <span class='ocrx_word' id='word_1_58' title='bbox 962 949 1060 1013; x_wconf 87' lang='lat' dir='ltr'>Enn.</span> <span class='ocrx_word' id='word_1_59' title='bbox 1087 971 1164 1015; x_wconf 86' lang='lat' dir='ltr'>ann.</span> <span class='ocrx_word' id='word_1_60' title='bbox 1187 953 1253 1018; x_wconf 79' lang='lat'>385</span> <span class='ocrx_word' id='word_1_61' title='bbox 1279 954 1307 1018; x_wconf 83' lang='lat' dir='ltr'>si</span> 
     </span>
     <span class='ocr_line' id='line_1_8' title="bbox 158 1047 1305 1136; baseline 0.003 -19"><span class='ocrx_word' id='word_1_62' title='bbox 158 1052 299 1117; x_wconf 88' lang='lat' dir='ltr'>vivimus</span> <span class='ocrx_word' id='word_1_63' title='bbox 316 1051 386 1114; x_wconf 89' lang='lat' dir='ltr'>sive</span> <span class='ocrx_word' id='word_1_64' title='bbox 401 1048 565 1113; x_wconf 88' lang='lat' dir='ltr'>morimur.</span> <span class='ocrx_word' id='word_1_65' title='bbox 599 1047 732 1113; x_wconf 84' lang='lat' dir='ltr'>Sodann</span> <span class='ocrx_word' id='word_1_66' title='bbox 748 1048 829 1113; x_wconf 86' lang='lat' dir='ltr'>eben</span> <span class='ocrx_word' id='word_1_67' title='bbox 846 1070 881 1113; x_wconf 92' lang='lat' dir='ltr'>so</span> <span class='ocrx_word' id='word_1_68' title='bbox 896 1058 955 1134; x_wconf 87' lang='lat' dir='ltr'>gut</span> <span class='ocrx_word' id='word_1_69' title='bbox 976 1052 1038 1116; x_wconf 88' lang='lat' dir='ltr'>mit</span> <span class='ocrx_word' id='word_1_70' title='bbox 1051 1053 1305 1136; x_wconf 85' lang='lat' dir='ltr'>gemeinsamem</span> 
     </span>
     <span class='ocr_line' id='line_1_9' title="bbox 158 1148 1306 1242; baseline 0.003 -24"><span class='ocrx_word' id='word_1_71' title='bbox 158 1153 320 1218; x_wconf 85' lang='lat' dir='ltr'><strong>Verbum:</strong></span> <span class='ocrx_word' id='word_1_72' title='bbox 351 1151 405 1216; x_wconf 93' lang='lat' dir='ltr'>Pl.</span> <span class='ocrx_word' id='word_1_73' title='bbox 434 1151 523 1215; x_wconf 88' lang='lat' dir='ltr'>Trin.</span> <span class='ocrx_word' id='word_1_74' title='bbox 550 1151 610 1214; x_wconf 85' lang='lat'>183</span> <span class='ocrx_word' id='word_1_75' title='bbox 643 1148 724 1213; x_wconf 85' lang='lat' dir='ltr'>haec</span> <span class='ocrx_word' id='word_1_76' title='bbox 759 1159 844 1214; x_wconf 89' lang='lat' dir='ltr'>sunt.</span> <span class='ocrx_word' id='word_1_77' title='bbox 876 1151 905 1213; x_wconf 91' lang='lat' dir='ltr'>si</span> <span class='ocrx_word' id='word_1_78' title='bbox 935 1160 1024 1216; x_wconf 89' lang='lat' dir='ltr'>recte</span> <span class='ocrx_word' id='word_1_79' title='bbox 1057 1174 1116 1217; x_wconf 90' lang='lat' dir='ltr'>seu</span> <span class='ocrx_word' id='word_1_80' title='bbox 1137 1148 1306 1242; x_wconf 84' lang='lat' dir='ltr'>&#39;pervorse</span> 
     </span>
     <span class='ocr_line' id='line_1_10' title="bbox 158 1251 1306 1341; baseline 0.004 -21"><span class='ocrx_word' id='word_1_81' title='bbox 158 1255 248 1320; x_wconf 81' lang='lat' dir='ltr'>facta</span> <span class='ocrx_word' id='word_1_82' title='bbox 275 1264 367 1337; x_wconf 87' lang='lat' dir='ltr'>sunt,</span> <span class='ocrx_word' id='word_1_83' title='bbox 396 1273 456 1338; x_wconf 88' lang='lat' dir='ltr'>ego</span> <span class='ocrx_word' id='word_1_84' title='bbox 485 1272 535 1314; x_wconf 90' lang='lat' dir='ltr'>me</span> <span class='ocrx_word' id='word_1_85' title='bbox 562 1251 682 1315; x_wconf 85' lang='lat' dir='ltr'>secisse</span> <span class='ocrx_word' id='word_1_86' title='bbox 710 1251 867 1316; x_wconf 86' lang='lat' dir='ltr'>confiteor</span> <span class='ocrx_word' id='word_1_87' title='bbox 896 1252 1052 1335; x_wconf 77' lang='lat' dir='ltr'>(Bitschlt</span> <span class='ocrx_word' id='word_1_88' title='bbox 1076 1257 1142 1321; x_wconf 84' lang='lat' dir='ltr'>sive</span> <span class='ocrx_word' id='word_1_89' title='bbox 1165 1295 1207 1304; x_wconf 89' lang='lat'>—</span> <span class='ocrx_word' id='word_1_90' title='bbox 1228 1260 1306 1341; x_wconf 75' lang='lat' dir='ltr'>serr).</span> 
     </span>
     <span class='ocr_line' id='line_1_11' title="bbox 158 1351 1307 1424; baseline 0.003 -4"><span class='ocrx_word' id='word_1_91' title='bbox 158 1356 245 1421; x_wconf 89' lang='lat' dir='ltr'>Men.</span> <span class='ocrx_word' id='word_1_92' title='bbox 270 1355 331 1419; x_wconf 88' lang='grc'>792</span> <span class='ocrx_word' id='word_1_93' title='bbox 354 1356 380 1418; x_wconf 92' lang='lat' dir='ltr'>si</span> <span class='ocrx_word' id='word_1_94' title='bbox 405 1352 472 1418; x_wconf 89' lang='lat' dir='ltr'>illio</span> <span class='ocrx_word' id='word_1_95' title='bbox 494 1354 565 1416; x_wconf 90' lang='lat' dir='ltr'>sive</span> <span class='ocrx_word' id='word_1_96' title='bbox 586 1351 665 1415; x_wconf 91' lang='lat' dir='ltr'>alibi</span> <span class='ocrx_word' id='word_1_97' title='bbox 689 1351 824 1416; x_wconf 88' lang='lat' dir='ltr'>lubebit.</span> <span class='ocrx_word' id='word_1_98' title='bbox 854 1353 955 1418; x_wconf 86' lang='lat' dir='ltr'>Mero.</span> <span class='ocrx_word' id='word_1_99' title='bbox 977 1355 1041 1419; x_wconf 84' lang='lat'>306</span> <span class='ocrx_word' id='word_1_100' title='bbox 1063 1356 1092 1419; x_wconf 90' lang='lat' dir='ltr'>si</span> <span class='ocrx_word' id='word_1_101' title='bbox 1114 1379 1235 1423; x_wconf 86' lang='lat' dir='ltr'>canum</span> <span class='ocrx_word' id='word_1_102' title='bbox 1251 1381 1307 1424; x_wconf 86' lang='lat' dir='ltr'>sen</span> 
     </span>
     <span class='ocr_line' id='line_1_12' title="bbox 159 1453 1306 1543; baseline 0.003 -22"><span class='ocrx_word' id='word_1_103' title='bbox 159 1458 213 1542; x_wconf 84' lang='lat' dir='ltr'>(R.</span> <span class='ocrx_word' id='word_1_104' title='bbox 236 1456 295 1543; x_wconf 79' lang='lat' dir='ltr'>sei)</span> <span class='ocrx_word' id='word_1_105' title='bbox 323 1457 410 1521; x_wconf 89' lang='lat' dir='ltr'>istuc</span> <span class='ocrx_word' id='word_1_106' title='bbox 437 1453 571 1518; x_wconf 88' lang='lat' dir='ltr'>rutilum</span> <span class='ocrx_word' id='word_1_107' title='bbox 601 1454 671 1517; x_wconf 82' lang='lat' dir='ltr'>sive</span> <span class='ocrx_word' id='word_1_108' title='bbox 693 1463 847 1536; x_wconf 86' lang='lat' dir='ltr'>atrnmst‚</span> <span class='ocrx_word' id='word_1_109' title='bbox 876 1476 960 1518; x_wconf 88' lang='lat' dir='ltr'>amo.</span> <span class='ocrx_word' id='word_1_110' title='bbox 1003 1455 1091 1520; x_wconf 86' lang='lat' dir='ltr'>Ter.</span> <span class='ocrx_word' id='word_1_111' title='bbox 1115 1459 1221 1525; x_wconf 87' lang='lat' dir='ltr'><strong>Andr.</strong></span> <span class='ocrx_word' id='word_1_112' title='bbox 1244 1460 1306 1525; x_wconf 82' lang='grc'>215</span> 
     </span>
     <span class='ocr_line' id='line_1_13' title="bbox 158 1553 1306 1640; baseline 0.003 -18"><span class='ocrx_word' id='word_1_113' title='bbox 158 1561 201 1622; x_wconf 84' lang='lat' dir='ltr'>si&#39;</span> <span class='ocrx_word' id='word_1_114' title='bbox 218 1560 284 1622; x_wconf 88' lang='lat' dir='ltr'>ista</span> <span class='ocrx_word' id='word_1_115' title='bbox 311 1579 395 1622; x_wconf 88' lang='lat' dir='ltr'>uxor</span> <span class='ocrx_word' id='word_1_116' title='bbox 417 1557 488 1620; x_wconf 91' lang='lat' dir='ltr'>sive</span> <span class='ocrx_word' id='word_1_117' title='bbox 510 1556 654 1620; x_wconf 87' lang='lat' dir='ltr'>amicast.</span> <span class='ocrx_word' id='word_1_118' title='bbox 699 1553 824 1619; x_wconf 91' lang='lat' dir='ltr'>Lucil.</span> <span class='ocrx_word' id='word_1_119' title='bbox 852 1556 951 1640; x_wconf 84' lang='lat' dir='ltr'>irgm.</span> <span class='ocrx_word' id='word_1_120' title='bbox 973 1556 1025 1634; x_wconf 91' lang='grc'>27,</span> <span class='ocrx_word' id='word_1_121' title='bbox 1054 1561 1066 1619; x_wconf 98' lang='grc'><strong>1</strong></span> <span class='ocrx_word' id='word_1_122' title='bbox 1091 1560 1120 1623; x_wconf 88' lang='lat' dir='ltr'>si</span> <span class='ocrx_word' id='word_1_123' title='bbox 1142 1560 1221 1624; x_wconf 87' lang='lat' dir='ltr'>irati</span> <span class='ocrx_word' id='word_1_124' title='bbox 1249 1582 1306 1625; x_wconf 85' lang='lat' dir='ltr'>sen</span> 
     </span>
     <span class='ocr_line' id='line_1_14' title="bbox 159 1656 1306 1745; baseline 0.003 -22"><span class='ocrx_word' id='word_1_125' title='bbox 159 1659 293 1745; x_wconf 91' lang='lat' dir='ltr'>propitii</span> <span class='ocrx_word' id='word_1_126' title='bbox 316 1671 401 1723; x_wconf 88' lang='lat' dir='ltr'>sunt.</span> <span class='ocrx_word' id='word_1_127' title='bbox 435 1657 474 1721; x_wconf 92' lang='lat' dir='ltr'>In</span> <span class='ocrx_word' id='word_1_128' title='bbox 498 1656 556 1720; x_wconf 88' lang='lat' dir='ltr'>der</span> <span class='ocrx_word' id='word_1_129' title='bbox 579 1656 763 1722; x_wconf 71' lang='lat' dir='ltr'>Lentulis</span> <span class='ocrx_word' id='word_1_130' title='bbox 790 1660 906 1721; x_wconf 88' lang='lat' dir='ltr'>munio.</span> <span class='ocrx_word' id='word_1_131' title='bbox 936 1657 1023 1722; x_wconf 85' lang='lat' dir='ltr'>steht</span> <span class='ocrx_word' id='word_1_132' title='bbox 1045 1661 1129 1724; x_wconf 85' lang='lat' dir='ltr'>zwei</span> <span class='ocrx_word' id='word_1_133' title='bbox 1151 1660 1236 1725; x_wconf 84' lang='lat' dir='ltr'>Mal:</span> <span class='ocrx_word' id='word_1_134' title='bbox 1259 1664 1306 1727; x_wconf 86' lang='lat' dir='ltr'>sei</span> 
     </span>
     <span class='ocr_line' id='line_1_15' title="bbox 158 1757 1306 1849; baseline 0.006 -27"><span class='ocrx_word' id='word_1_135' title='bbox 158 1799 199 1809; x_wconf 90' lang='lat'>-</span> <span class='ocrx_word' id='word_1_136' title='bbox 222 1762 321 1823; x_wconf 70' lang='lat' dir='ltr'>seire.</span> <span class='ocrx_word' id='word_1_137' title='bbox 366 1759 465 1824; x_wconf 87' lang='lat' dir='ltr'>Sonst</span> <span class='ocrx_word' id='word_1_138' title='bbox 492 1780 554 1822; x_wconf 87' lang='lat' dir='ltr'>nur</span> <span class='ocrx_word' id='word_1_139' title='bbox 575 1757 658 1822; x_wconf 89' lang='lat' dir='ltr'>noch</span> <span class='ocrx_word' id='word_1_140' title='bbox 687 1759 745 1822; x_wconf 89' lang='lat' dir='ltr'>mit</span> <span class='ocrx_word' id='word_1_141' title='bbox 768 1757 951 1825; x_wconf 88' lang='lat' dir='ltr'>Sicherheit</span> <span class='ocrx_word' id='word_1_142' title='bbox 972 1761 1006 1823; x_wconf 93' lang='lat' dir='ltr'>in</span> <span class='ocrx_word' id='word_1_143' title='bbox 1030 1761 1120 1826; x_wconf 87' lang='lat' dir='ltr'>einer</span> <span class='ocrx_word' id='word_1_144' title='bbox 1141 1762 1306 1849; x_wconf 83' lang='lat' dir='ltr'>Rogation</span> 
     </span>
     <span class='ocr_line' id='line_1_16' title="bbox 159 1859 1306 1945; baseline 0.004 -19"><span class='ocrx_word' id='word_1_145' title='bbox 159 1884 217 1926; x_wconf 86' lang='lat' dir='ltr'>aus</span> <span class='ocrx_word' id='word_1_146' title='bbox 250 1861 323 1925; x_wconf 91' lang='lat' dir='ltr'>dem</span> <span class='ocrx_word' id='word_1_147' title='bbox 346 1860 378 1925; x_wconf 84' lang='lat' dir='ltr'>J.</span> <span class='ocrx_word' id='word_1_148' title='bbox 401 1861 462 1924; x_wconf 98' lang='grc'>217</span> <span class='ocrx_word' id='word_1_149' title='bbox 487 1886 517 1925; x_wconf 89' lang='lat' dir='ltr'>v.</span> <span class='ocrx_word' id='word_1_150' title='bbox 551 1859 625 1924; x_wconf 82' lang='lat' dir='ltr'>Chr.</span> <span class='ocrx_word' id='word_1_151' title='bbox 658 1860 711 1924; x_wconf 92' lang='lat' dir='ltr'>bei</span> <span class='ocrx_word' id='word_1_152' title='bbox 738 1860 823 1923; x_wconf 90' lang='lat' dir='ltr'>Liv.</span> <span class='ocrx_word' id='word_1_153' title='bbox 851 1860 903 1942; x_wconf 94' lang='grc'>22,</span> <span class='ocrx_word' id='word_1_154' title='bbox 931 1862 977 1941; x_wconf 91' lang='grc'>10,</span> <span class='ocrx_word' id='word_1_155' title='bbox 1001 1861 1020 1924; x_wconf 88' lang='grc'><strong>6</strong></span> <span class='ocrx_word' id='word_1_156' title='bbox 1043 1861 1072 1925; x_wconf 89' lang='lat' dir='ltr'>si</span> <span class='ocrx_word' id='word_1_157' title='bbox 1105 1874 1204 1945; x_wconf 86' lang='lat' dir='ltr'>nocte</span> <span class='ocrx_word' id='word_1_158' title='bbox 1236 1867 1306 1930; x_wconf 84' lang='lat' dir='ltr'>sive</span> 
     </span>
     <span class='ocr_line' id='line_1_17' title="bbox 160 1960 1305 2046; baseline 0.003 -19"><span class='ocrx_word' id='word_1_159' title='bbox 160 1965 242 2045; x_wconf 87' lang='lat' dir='ltr'>luce,</span> <span class='ocrx_word' id='word_1_160' title='bbox 277 1964 305 2026; x_wconf 88' lang='lat' dir='ltr'>si</span> <span class='ocrx_word' id='word_1_161' title='bbox 338 1985 452 2025; x_wconf 83' lang='lat' dir='ltr'>servus</span> <span class='ocrx_word' id='word_1_162' title='bbox 487 1962 558 2025; x_wconf 83' lang='lat' dir='ltr'>sive</span> <span class='ocrx_word' id='word_1_163' title='bbox 584 1960 667 2024; x_wconf 88' lang='lat' dir='ltr'>liber</span> <span class='ocrx_word' id='word_1_164' title='bbox 688 1961 789 2039; x_wconf 83' lang='lat' dir='ltr'>faxit,</span> <span class='ocrx_word' id='word_1_165' title='bbox 813 1962 914 2046; x_wconf 81' lang='lat' dir='ltr'>probe</span> <span class='ocrx_word' id='word_1_166' title='bbox 942 1961 1066 2040; x_wconf 86' lang='lat' dir='ltr'>factum</span> <span class='ocrx_word' id='word_1_167' title='bbox 1089 1976 1171 2029; x_wconf 88' lang='lat' dir='ltr'>osto.</span> <span class='ocrx_word' id='word_1_168' title='bbox 1219 1966 1305 2032; x_wconf 90' lang='lat' dir='ltr'>Viel·</span> 
     </span>
     <span class='ocr_line' id='line_1_18' title="bbox 161 2060 1306 2150; baseline 0.004 -22"><span class='ocrx_word' id='word_1_169' title='bbox 161 2065 252 2128; x_wconf 83' lang='lat' dir='ltr'>mehr</span> <span class='ocrx_word' id='word_1_170' title='bbox 273 2064 317 2127; x_wconf 90' lang='lat' dir='ltr'>ist</span> <span class='ocrx_word' id='word_1_171' title='bbox 340 2063 398 2127; x_wconf 89' lang='lat' dir='ltr'>das</span> <span class='ocrx_word' id='word_1_172' title='bbox 415 2060 678 2128; x_wconf 78' lang='lat' dir='ltr'>Gebrauehliehe</span> <span class='ocrx_word' id='word_1_173' title='bbox 699 2062 744 2125; x_wconf 91' lang='lat' dir='ltr'>im</span> <span class='ocrx_word' id='word_1_174' title='bbox 761 2061 861 2126; x_wconf 83' lang='lat' dir='ltr'>Sinna</span> <span class='ocrx_word' id='word_1_175' title='bbox 883 2062 943 2125; x_wconf 91' lang='lat' dir='ltr'>der</span> <span class='ocrx_word' id='word_1_176' title='bbox 957 2066 1205 2150; x_wconf 81' lang='lat' dir='ltr'>gegenseitigen</span> <span class='ocrx_word' id='word_1_177' title='bbox 1221 2071 1306 2133; x_wconf 87' lang='lat' dir='ltr'>Ans-</span> 
     </span>
     <span class='ocr_line' id='line_1_19' title="bbox 161 2159 1115 2250; baseline -0.001 -20"><span class='ocrx_word' id='word_1_178' title='bbox 161 2165 366 2250; x_wconf 86' lang='lat' dir='ltr'>scbiiessung</span> <span class='ocrx_word' id='word_1_179' title='bbox 712 2180 714 2185; x_wconf 74' lang='grc'>’</span> <span class='ocrx_word' id='word_1_180' title='bbox 1112 2159 1115 2162; x_wconf 60' lang='grc'><strong>’</strong></span> 
     </span>
    </p>

    <p class='ocr_par' dir='ltr' id='par_1_3' title="bbox 158 2264 1305 3042">
     <span class='ocr_line' id='line_1_20' title="bbox 245 2264 1305 2352; baseline 0.005 -21"><span class='ocrx_word' id='word_1_181' title='bbox 245 2268 275 2331; x_wconf 89' lang='grc'>4.</span> <span class='ocrx_word' id='word_1_182' title='bbox 305 2268 370 2332; x_wconf 82' lang='lat' dir='ltr'>sive</span> <span class='ocrx_word' id='word_1_183' title='bbox 391 2304 432 2314; x_wconf 92' lang='lat'>-</span> <span class='ocrx_word' id='word_1_184' title='bbox 453 2269 518 2331; x_wconf 82' lang='lat' dir='ltr'>sive</span> <span class='ocrx_word' id='word_1_185' title='bbox 540 2265 598 2329; x_wconf 89' lang='lat' dir='ltr'>mit</span> <span class='ocrx_word' id='word_1_186' title='bbox 627 2265 806 2350; x_wconf 86' lang='lat' dir='ltr'>beliebiger</span> <span class='ocrx_word' id='word_1_187' title='bbox 820 2264 1086 2352; x_wconf 82' lang='lat' dir='ltr'>Abwechselung</span> <span class='ocrx_word' id='word_1_188' title='bbox 1106 2266 1213 2334; x_wconf 84' lang='lat' dir='ltr'>durch</span> <span class='ocrx_word' id='word_1_189' title='bbox 1233 2290 1305 2336; x_wconf 75' lang='lat' dir='ltr'>sert:</span> 
     </span>
     <span class='ocr_line' id='line_1_21' title="bbox 160 2366 1304 2453; baseline 0.003 -20"><span class='ocrx_word' id='word_1_190' title='bbox 160 2368 214 2433; x_wconf 91' lang='lat' dir='ltr'>Pl.</span> <span class='ocrx_word' id='word_1_191' title='bbox 236 2367 359 2453; x_wconf 83' lang='lat' dir='ltr'><strong>Amph.</strong></span> <span class='ocrx_word' id='word_1_192' title='bbox 391 2368 473 2432; x_wconf 87' lang='grc'><strong>1049</strong></span> <span class='ocrx_word' id='word_1_193' title='bbox 502 2368 571 2431; x_wconf 84' lang='lat' dir='ltr'>aive</span> <span class='ocrx_word' id='word_1_194' title='bbox 598 2366 749 2432; x_wconf 84' lang='lat' dir='ltr'>ancillam</span> <span class='ocrx_word' id='word_1_195' title='bbox 776 2369 847 2431; x_wconf 88' lang='lat' dir='ltr'>sive</span> <span class='ocrx_word' id='word_1_196' title='bbox 875 2388 1003 2432; x_wconf 86' lang='lat' dir='ltr'>servom</span> <span class='ocrx_word' id='word_1_197' title='bbox 1026 2406 1069 2416; x_wconf 94' lang='lat'>—</span> <span class='ocrx_word' id='word_1_198' title='bbox 1089 2370 1224 2452; x_wconf 85' lang='lat' dir='ltr'>videbo,</span> <span class='ocrx_word' id='word_1_199' title='bbox 1247 2372 1304 2439; x_wconf 89' lang='lat' dir='ltr'>ob·</span> 
     </span>
     <span class='ocr_line' id='line_1_22' title="bbox 159 2467 1305 2554; baseline 0.003 -20"><span class='ocrx_word' id='word_1_200' title='bbox 159 2469 328 2535; x_wconf 87' lang='lat' dir='ltr'>truncabo.</span> <span class='ocrx_word' id='word_1_201' title='bbox 373 2467 658 2534; x_wconf 84' lang='lat' dir='ltr'>Handschriftlich</span> <span class='ocrx_word' id='word_1_202' title='bbox 684 2490 783 2554; x_wconf 89' lang='lat' dir='ltr'>sogar</span> <span class='ocrx_word' id='word_1_203' title='bbox 811 2467 904 2533; x_wconf 90' lang='lat' dir='ltr'>sechs</span> <span class='ocrx_word' id='word_1_204' title='bbox 933 2468 1001 2534; x_wconf 87' lang='lat' dir='ltr'>Mal</span> <span class='ocrx_word' id='word_1_205' title='bbox 1029 2470 1062 2533; x_wconf 93' lang='lat' dir='ltr'>in</span> <span class='ocrx_word' id='word_1_206' title='bbox 1084 2471 1157 2535; x_wconf 81' lang='lat' dir='ltr'>vier</span> <span class='ocrx_word' id='word_1_207' title='bbox 1180 2473 1305 2537; x_wconf 87' lang='lat' dir='ltr'>Versen</span> 
     </span>
     <span class='ocr_line' id='line_1_23' title="bbox 161 2570 1303 2660; baseline 0.002 -23"><span class='ocrx_word' id='word_1_208' title='bbox 161 2572 210 2637; x_wconf 91' lang='lat' dir='ltr'>Ib.</span> <span class='ocrx_word' id='word_1_209' title='bbox 226 2570 268 2636; x_wconf 87' lang='grc'>69</span> <span class='ocrx_word' id='word_1_210' title='bbox 285 2571 317 2635; x_wconf 89' lang='lat' dir='ltr'>ff.</span> <span class='ocrx_word' id='word_1_211' title='bbox 333 2571 419 2636; x_wconf 89' lang='lat' dir='ltr'>Men.</span> <span class='ocrx_word' id='word_1_212' title='bbox 442 2571 505 2636; x_wconf 85' lang='grc'>205</span> <span class='ocrx_word' id='word_1_213' title='bbox 528 2591 585 2635; x_wconf 88' lang='lat' dir='ltr'>sen</span> <span class='ocrx_word' id='word_1_214' title='bbox 601 2581 636 2634; x_wconf 89' lang='lat' dir='ltr'>tu</span> <span class='ocrx_word' id='word_1_215' title='bbox 651 2570 836 2635; x_wconf 85' lang='lat' dir='ltr'>Culindru‘s</span> <span class='ocrx_word' id='word_1_216' title='bbox 852 2591 908 2633; x_wconf 87' lang='lat' dir='ltr'>sen</span> <span class='ocrx_word' id='word_1_217' title='bbox 925 2570 1132 2654; x_wconf 81' lang='lat' dir='ltr'>Caliendrus‚</span> <span class='ocrx_word' id='word_1_218' title='bbox 1155 2575 1303 2660; x_wconf 84' lang='lat' dir='ltr'>perieris.</span> 
     </span>
     <span class='ocr_line' id='line_1_24' title="bbox 158 2671 1305 2758; baseline 0.003 -21"><span class='ocrx_word' id='word_1_219' title='bbox 158 2674 259 2738; x_wconf 88' lang='lat' dir='ltr'>Marc.</span> <span class='ocrx_word' id='word_1_220' title='bbox 286 2674 364 2737; x_wconf 93' lang='grc'><strong>1017</strong></span> <span class='ocrx_word' id='word_1_221' title='bbox 387 2673 416 2735; x_wconf 86' lang='lat' dir='ltr'>si</span> <span class='ocrx_word' id='word_1_222' title='bbox 438 2695 534 2758; x_wconf 88' lang='lat' dir='ltr'>quem</span> <span class='ocrx_word' id='word_1_223' title='bbox 556 2671 713 2736; x_wconf 78' lang='lat' dir='ltr'>scibimus</span> <span class='ocrx_word' id='word_1_224' title='bbox 736 2693 793 2735; x_wconf 83' lang='lat' dir='ltr'>seo</span> <span class='ocrx_word' id='word_1_225' title='bbox 816 2672 968 2735; x_wconf 87' lang='lat' dir='ltr'>maritum</span> <span class='ocrx_word' id='word_1_226' title='bbox 998 2673 1069 2737; x_wconf 85' lang='lat' dir='ltr'>sive</span> <span class='ocrx_word' id='word_1_227' title='bbox 1089 2672 1201 2739; x_wconf 89' lang='lat' dir='ltr'>hercle</span> <span class='ocrx_word' id='word_1_228' title='bbox 1222 2675 1305 2741; x_wconf 84' lang='lat' dir='ltr'>adeo</span> 
     </span>
     <span class='ocr_line' id='line_1_25' title="bbox 159 2772 1305 2862; baseline 0.003 -23"><span class='ocrx_word' id='word_1_229' title='bbox 159 2775 316 2840; x_wconf 89' lang='lat' dir='ltr'>caelibem</span> <span class='ocrx_word' id='word_1_230' title='bbox 333 2775 516 2839; x_wconf 87' lang='lat' dir='ltr'>scortarier.</span> <span class='ocrx_word' id='word_1_231' title='bbox 547 2772 645 2837; x_wconf 81' lang='lat' dir='ltr'>Cato</span> <span class='ocrx_word' id='word_1_232' title='bbox 668 2795 693 2837; x_wconf 91' lang='lat' dir='ltr'>r.</span> <span class='ocrx_word' id='word_1_233' title='bbox 717 2795 741 2837; x_wconf 91' lang='lat' dir='ltr'>r.</span> <span class='ocrx_word' id='word_1_234' title='bbox 768 2773 829 2837; x_wconf 87' lang='lat'>139</span> <span class='ocrx_word' id='word_1_235' title='bbox 850 2774 921 2837; x_wconf 87' lang='lat' dir='ltr'>sive</span> <span class='ocrx_word' id='word_1_236' title='bbox 944 2796 1004 2859; x_wconf 90' lang='lat' dir='ltr'>ego</span> <span class='ocrx_word' id='word_1_237' title='bbox 1028 2774 1097 2839; x_wconf 83' lang='lat' dir='ltr'>sive</span> <span class='ocrx_word' id='word_1_238' title='bbox 1119 2779 1193 2862; x_wconf 88' lang='lat' dir='ltr'>quis</span> <span class='ocrx_word' id='word_1_239' title='bbox 1214 2778 1305 2842; x_wconf 88' lang='lat' dir='ltr'>iussn</span> 
     </span>
     <span class='ocr_line' id='line_1_26' title="bbox 159 2872 1304 2955; baseline 0.004 -17"><span class='ocrx_word' id='word_1_240' title='bbox 159 2897 231 2940; x_wconf 90' lang='lat' dir='ltr'>meo</span> <span class='ocrx_word' id='word_1_241' title='bbox 265 2876 392 2939; x_wconf 83' lang='lat' dir='ltr'>fecerit.</span> <span class='ocrx_word' id='word_1_242' title='bbox 436 2872 596 2939; x_wconf 78' lang='lat' dir='ltr'>Denselbe</span> <span class='ocrx_word' id='word_1_243' title='bbox 629 2875 682 2939; x_wconf 89' lang='lat' dir='ltr'>bei</span> <span class='ocrx_word' id='word_1_244' title='bbox 711 2872 795 2938; x_wconf 85' lang='lat' dir='ltr'>Gall.</span> <span class='ocrx_word' id='word_1_245' title='bbox 821 2876 871 2955; x_wconf 91' lang='grc'>14,</span> <span class='ocrx_word' id='word_1_246' title='bbox 895 2876 926 2952; x_wconf 90' lang='grc'>2,</span> <span class='ocrx_word' id='word_1_247' title='bbox 949 2875 988 2938; x_wconf 94' lang='grc'>21</span> <span class='ocrx_word' id='word_1_248' title='bbox 1021 2877 1091 2941; x_wconf 86' lang='lat' dir='ltr'>sive</span> <span class='ocrx_word' id='word_1_249' title='bbox 1125 2878 1201 2943; x_wconf 92' lang='lat' dir='ltr'>boni</span> <span class='ocrx_word' id='word_1_250' title='bbox 1235 2880 1304 2943; x_wconf 85' lang='lat' dir='ltr'>siva</span> 
     </span>
     <span class='ocr_line' id='line_1_27' title="bbox 159 2974 1047 3042; baseline -0.001 -1"><span class='ocrx_word' id='word_1_251' title='bbox 159 2975 237 3041; x_wconf 87' lang='lat' dir='ltr'>mali</span> <span class='ocrx_word' id='word_1_252' title='bbox 260 2985 378 3040; x_wconf 83' lang='lat' dir='ltr'>essent.</span> <span class='ocrx_word' id='word_1_253' title='bbox 401 3013 443 3023; x_wconf 89' lang='lat'><em>-</em></span> <span class='ocrx_word' id='word_1_254' title='bbox 464 2975 524 3038; x_wconf 90' lang='lat' dir='ltr'>Bei</span> <span class='ocrx_word' id='word_1_255' title='bbox 546 2976 700 3040; x_wconf 79' lang='lat' dir='ltr'>Terenz</span> <span class='ocrx_word' id='word_1_256' title='bbox 724 2974 805 3039; x_wconf 83' lang='lat' dir='ltr'><strong>fehlt</strong></span> <span class='ocrx_word' id='word_1_257' title='bbox 826 2977 889 3040; x_wconf 82' lang='lat' dir='ltr'>sive</span> <span class='ocrx_word' id='word_1_258' title='bbox 915 3013 950 3023; x_wconf 92' lang='lat'>-</span> <span class='ocrx_word' id='word_1_259' title='bbox 974 2978 1047 3042; x_wconf 78' lang='lat' dir='ltr'>aive.</span> 
     </span>
    </p>

    <p class='ocr_par' dir='ltr' id='par_1_4' title="bbox 158 3076 1304 3673">
     <span class='ocr_line' id='line_1_28' title="bbox 244 3076 1304 3164; baseline 0.005 -24"><span class='ocrx_word' id='word_1_260' title='bbox 244 3077 317 3142; x_wconf 91' lang='lat' dir='ltr'>Von</span> <span class='ocrx_word' id='word_1_261' title='bbox 341 3078 484 3143; x_wconf 80' lang='lat' dir='ltr'>Cicero</span> <span class='ocrx_word' id='word_1_262' title='bbox 507 3076 549 3140; x_wconf 92' lang='lat' dir='ltr'>ab</span> <span class='ocrx_word' id='word_1_263' title='bbox 564 3079 607 3140; x_wconf 90' lang='lat' dir='ltr'>ist</span> <span class='ocrx_word' id='word_1_264' title='bbox 623 3098 656 3140; x_wconf 89' lang='lat' dir='ltr'>es</span> <span class='ocrx_word' id='word_1_265' title='bbox 672 3076 783 3161; x_wconf 67' lang='lat' dir='ltr'>bantig</span> <span class='ocrx_word' id='word_1_266' title='bbox 804 3077 871 3139; x_wconf 92' lang='lat' dir='ltr'>und</span> <span class='ocrx_word' id='word_1_267' title='bbox 895 3077 977 3142; x_wconf 89' lang='lat' dir='ltr'>wird</span> <span class='ocrx_word' id='word_1_268' title='bbox 1001 3077 1032 3141; x_wconf 89' lang='lat' dir='ltr'>in</span> <span class='ocrx_word' id='word_1_269' title='bbox 1056 3079 1304 3164; x_wconf 86' lang='lat' dir='ltr'>mannigfaoher</span> 
     </span>
     <span class='ocr_line' id='line_1_29' title="bbox 158 3177 1302 3262; baseline 0 -16"><span class='ocrx_word' id='word_1_270' title='bbox 158 3181 271 3245; x_wconf 88' lang='lat' dir='ltr'>Weise</span> <span class='ocrx_word' id='word_1_271' title='bbox 299 3177 508 3261; x_wconf 81' lang='lat' dir='ltr'>angewandt‚</span> <span class='ocrx_word' id='word_1_272' title='bbox 539 3178 660 3242; x_wconf 86' lang='lat' dir='ltr'>sowobl</span> <span class='ocrx_word' id='word_1_273' title='bbox 689 3178 748 3242; x_wconf 90' lang='lat' dir='ltr'>mit</span> <span class='ocrx_word' id='word_1_274' title='bbox 774 3187 969 3262; x_wconf 86' lang='lat' dir='ltr'>getrennten</span> <span class='ocrx_word' id='word_1_275' title='bbox 996 3181 1115 3245; x_wconf 87' lang='lat' dir='ltr'>Verbis</span> <span class='ocrx_word' id='word_1_276' title='bbox 1142 3178 1192 3244; x_wconf 88' lang='lat' dir='ltr'>als</span> <span class='ocrx_word' id='word_1_277' title='bbox 1219 3182 1302 3246; x_wconf 88' lang='lat' dir='ltr'>auch</span> 
     </span>
     <span class='ocr_line' id='line_1_30' title="bbox 159 3279 1302 3369; baseline 0 -23"><span class='ocrx_word' id='word_1_278' title='bbox 159 3284 219 3347; x_wconf 91' lang='lat' dir='ltr'>mit</span> <span class='ocrx_word' id='word_1_279' title='bbox 240 3282 492 3369; x_wconf 85' lang='lat' dir='ltr'>gemeinsamem</span> <span class='ocrx_word' id='word_1_280' title='bbox 515 3279 593 3343; x_wconf 86' lang='lat' dir='ltr'>oder</span> <span class='ocrx_word' id='word_1_281' title='bbox 615 3279 697 3344; x_wconf 89' lang='lat' dir='ltr'>ohne</span> <span class='ocrx_word' id='word_1_282' title='bbox 720 3279 821 3344; x_wconf 86' lang='lat' dir='ltr'>Verb.</span> <span class='ocrx_word' id='word_1_283' title='bbox 865 3281 933 3344; x_wconf 84' lang='lat' dir='ltr'>Ftir</span> <span class='ocrx_word' id='word_1_284' title='bbox 954 3280 1018 3345; x_wconf 89' lang='lat' dir='ltr'>alle</span> <span class='ocrx_word' id='word_1_285' title='bbox 1040 3281 1111 3345; x_wconf 89' lang='lat' dir='ltr'>drei</span> <span class='ocrx_word' id='word_1_286' title='bbox 1134 3280 1227 3346; x_wconf 71' lang='lat' dir='ltr'>Falto</span> <span class='ocrx_word' id='word_1_287' title='bbox 1248 3304 1302 3368; x_wconf 82' lang='lat' dir='ltr'>ge·</span> 
     </span>
     <span class='ocr_line' id='line_1_31' title="bbox 159 3380 1303 3469; baseline 0.002 -21"><span class='ocrx_word' id='word_1_288' title='bbox 159 3392 268 3468; x_wconf 83' lang='lat' dir='ltr'>nttgen</span> <span class='ocrx_word' id='word_1_289' title='bbox 290 3382 443 3469; x_wconf 86' lang='lat' dir='ltr'>folgende</span> <span class='ocrx_word' id='word_1_290' title='bbox 465 3380 642 3467; x_wconf 88' lang='lat' dir='ltr'>Beispiele:</span> <span class='ocrx_word' id='word_1_291' title='bbox 668 3380 748 3445; x_wconf 85' lang='lat' dir='ltr'>Cic.</span> <span class='ocrx_word' id='word_1_292' title='bbox 771 3404 803 3465; x_wconf 90' lang='lat' dir='ltr'>p.</span> <span class='ocrx_word' id='word_1_293' title='bbox 827 3383 927 3447; x_wconf 85' lang='lat' dir='ltr'>Arcb.</span> <span class='ocrx_word' id='word_1_294' title='bbox 960 3383 1010 3463; x_wconf 90' lang='grc'>12,</span> <span class='ocrx_word' id='word_1_295' title='bbox 1032 3384 1076 3447; x_wconf 85' lang='grc'>30</span> <span class='ocrx_word' id='word_1_296' title='bbox 1097 3382 1167 3447; x_wconf 86' lang='lat' dir='ltr'>sive</span> <span class='ocrx_word' id='word_1_297' title='bbox 1188 3406 1210 3447; x_wconf 84' lang='lat' dir='ltr'>a</span> <span class='ocrx_word' id='word_1_298' title='bbox 1231 3406 1303 3450; x_wconf 88' lang='lat' dir='ltr'>meo</span> 
     </span>
     <span class='ocr_line' id='line_1_32' title="bbox 159 3483 1303 3572; baseline 0.001 -22"><span class='ocrx_word' id='word_1_299' title='bbox 159 3508 256 3551; x_wconf 83' lang='lat' dir='ltr'>sensu</span> <span class='ocrx_word' id='word_1_300' title='bbox 278 3494 512 3571; x_wconf 87' lang='lat' dir='ltr'>postmortem</span> <span class='ocrx_word' id='word_1_301' title='bbox 535 3485 668 3548; x_wconf 80' lang='lat' dir='ltr'>afutura</span> <span class='ocrx_word' id='word_1_302' title='bbox 690 3492 740 3545; x_wconf 88' lang='lat' dir='ltr'>est</span> <span class='ocrx_word' id='word_1_303' title='bbox 763 3483 832 3548; x_wconf 87' lang='lat' dir='ltr'>sive</span> <span class='ocrx_word' id='word_1_304' title='bbox 854 3523 895 3533; x_wconf 90' lang='lat'><em>-</em></span> <span class='ocrx_word' id='word_1_305' title='bbox 918 3486 959 3549; x_wconf 88' lang='lat' dir='ltr'>ad</span> <span class='ocrx_word' id='word_1_306' title='bbox 980 3483 1124 3570; x_wconf 86' lang='lat' dir='ltr'>aliquam</span> <span class='ocrx_word' id='word_1_307' title='bbox 1145 3486 1209 3548; x_wconf 90' lang='lat' dir='ltr'>mei</span> <span class='ocrx_word' id='word_1_308' title='bbox 1232 3507 1303 3572; x_wconf 84' lang='lat' dir='ltr'>par-</span> 
     </span>
     <span class='ocr_line' id='line_1_33' title="bbox 159 3584 1304 3673; baseline 0.002 -23"><span class='ocrx_word' id='word_1_309' title='bbox 159 3598 224 3651; x_wconf 90' lang='lat' dir='ltr'>tem</span> <span class='ocrx_word' id='word_1_310' title='bbox 252 3586 438 3673; x_wconf 86' lang='lat' dir='ltr'>pertinebit.</span> <span class='ocrx_word' id='word_1_311' title='bbox 482 3587 553 3651; x_wconf 85' lang='lat' dir='ltr'>Att.</span> <span class='ocrx_word' id='word_1_312' title='bbox 585 3586 634 3669; x_wconf 91' lang='grc'>12,</span> <span class='ocrx_word' id='word_1_313' title='bbox 665 3586 713 3666; x_wconf 89' lang='grc'>12,</span> <span class='ocrx_word' id='word_1_314' title='bbox 737 3584 758 3647; x_wconf 92' lang='grc'><strong>2</strong></span> <span class='ocrx_word' id='word_1_315' title='bbox 785 3586 856 3649; x_wconf 87' lang='lat' dir='ltr'>sive</span> <span class='ocrx_word' id='word_1_316' title='bbox 884 3584 984 3651; x_wconf 90' lang='lat' dir='ltr'>babes</span> <span class='ocrx_word' id='word_1_317' title='bbox 1014 3587 1092 3671; x_wconf 89' lang='lat' dir='ltr'>quid</span> <span class='ocrx_word' id='word_1_318' title='bbox 1121 3587 1193 3651; x_wconf 86' lang='lat' dir='ltr'>sive</span> <span class='ocrx_word' id='word_1_319' title='bbox 1221 3586 1304 3652; x_wconf 90' lang='lat' dir='ltr'>nibil</span> 
     </span>
    </p>
   </div>
   <div class='ocr_carea' id='block_1_3' title="bbox 40 3685 1304 3773">
    <p class='ocr_par' dir='ltr' id='par_1_5' title="bbox 40 3685 1304 3773">
     <span class='ocr_line' id='line_1_34' title="bbox 40 3685 1304 3773; baseline 0.002 -21"><span class='ocrx_word' id='word_1_320' title='bbox 40 3721 43 3727; x_wconf 94' lang='lat'>·</span> <span class='ocrx_word' id='word_1_321' title='bbox 160 3687 272 3753; x_wconf 86' lang='lat' dir='ltr'>habes.</span> <span class='ocrx_word' id='word_1_322' title='bbox 316 3688 409 3751; x_wconf 87' lang='lat' dir='ltr'>Brut.</span> <span class='ocrx_word' id='word_1_323' title='bbox 433 3689 462 3768; x_wconf 89' lang='grc'>6,</span> <span class='ocrx_word' id='word_1_324' title='bbox 486 3687 527 3752; x_wconf 82' lang='lat'>25</span> <span class='ocrx_word' id='word_1_325' title='bbox 550 3688 619 3750; x_wconf 89' lang='lat' dir='ltr'>sive</span> <span class='ocrx_word' id='word_1_326' title='bbox 642 3685 698 3750; x_wconf 87' lang='lat' dir='ltr'>illa</span> <span class='ocrx_word' id='word_1_327' title='bbox 720 3696 790 3750; x_wconf 86' lang='lat' dir='ltr'>arte</span> <span class='ocrx_word' id='word_1_328' title='bbox 820 3689 964 3773; x_wconf 86' lang='lat' dir='ltr'>pariatur</span> <span class='ocrx_word' id='word_1_329' title='bbox 986 3687 1096 3773; x_wconf 90' lang='lat' dir='ltr'>aliqua</span> <span class='ocrx_word' id='word_1_330' title='bbox 1119 3688 1190 3753; x_wconf 86' lang='lat' dir='ltr'>sive</span> <span class='ocrx_word' id='word_1_331' title='bbox 1212 3710 1304 3755; x_wconf 84' lang='lat' dir='ltr'>exer·</span> 
     </span>
    </p>
   </div>
   <div class='ocr_carea' id='block_1_4' title="bbox 157 3787 1304 4484">
    <p class='ocr_par' dir='ltr' id='par_1_6' title="bbox 157 3787 1304 4484">
     <span class='ocr_line' id='line_1_35' title="bbox 159 3787 1304 3874; baseline -0.001 -19"><span class='ocrx_word' id='word_1_332' title='bbox 159 3789 313 3855; x_wconf 82' lang='lat' dir='ltr'>citatione</span> <span class='ocrx_word' id='word_1_333' title='bbox 336 3788 476 3874; x_wconf 88' lang='lat' dir='ltr'>quadam</span> <span class='ocrx_word' id='word_1_334' title='bbox 499 3790 572 3853; x_wconf 85' lang='lat' dir='ltr'>sivo</span> <span class='ocrx_word' id='word_1_335' title='bbox 593 3799 720 3852; x_wconf 86' lang='lat' dir='ltr'>natura.</span> <span class='ocrx_word' id='word_1_336' title='bbox 766 3787 807 3851; x_wconf 91' lang='lat' dir='ltr'>de</span> <span class='ocrx_word' id='word_1_337' title='bbox 830 3810 877 3852; x_wconf 87' lang='lat' dir='ltr'>or.</span> <span class='ocrx_word' id='word_1_338' title='bbox 900 3789 929 3867; x_wconf 90' lang='grc'>2,</span> <span class='ocrx_word' id='word_1_339' title='bbox 956 3789 1004 3868; x_wconf 92' lang='grc'>16,</span> <span class='ocrx_word' id='word_1_340' title='bbox 1029 3790 1070 3852; x_wconf 94' lang='grc'>70</span> <span class='ocrx_word' id='word_1_341' title='bbox 1091 3790 1125 3852; x_wconf 94' lang='lat' dir='ltr'>in</span> <span class='ocrx_word' id='word_1_342' title='bbox 1147 3787 1209 3854; x_wconf 91' lang='lat' dir='ltr'>bac</span> <span class='ocrx_word' id='word_1_343' title='bbox 1231 3793 1304 3857; x_wconf 88' lang='lat' dir='ltr'>sive</span> 
     </span>
     <span class='ocr_line' id='line_1_36' title="bbox 157 3884 1304 3974; baseline 0.002 -18"><span class='ocrx_word' id='word_1_344' title='bbox 157 3893 284 3957; x_wconf 88' lang='lat' dir='ltr'>ratione</span> <span class='ocrx_word' id='word_1_345' title='bbox 316 3892 387 3954; x_wconf 88' lang='lat' dir='ltr'>sive</span> <span class='ocrx_word' id='word_1_346' title='bbox 414 3890 648 3955; x_wconf 82' lang='lat' dir='ltr'>exercitatione</span> <span class='ocrx_word' id='word_1_347' title='bbox 674 3888 814 3954; x_wconf 92' lang='lat' dir='ltr'>dicendi.</span> <span class='ocrx_word' id='word_1_348' title='bbox 867 3889 977 3954; x_wconf 82' lang='lat' dir='ltr'>Caes.</span> <span class='ocrx_word' id='word_1_349' title='bbox 1006 3889 1039 3955; x_wconf 93' lang='lat' dir='ltr'>b.</span> <span class='ocrx_word' id='word_1_350' title='bbox 1066 3913 1097 3974; x_wconf 86' lang='lat' dir='ltr'>g.</span> <span class='ocrx_word' id='word_1_351' title='bbox 1124 3892 1152 3970; x_wconf 92' lang='lat'>1,</span> <span class='ocrx_word' id='word_1_352' title='bbox 1174 3891 1218 3956; x_wconf 89' lang='grc'>23</span> <span class='ocrx_word' id='word_1_353' title='bbox 1245 3884 1304 3958; x_wconf 81' lang='lat' dir='ltr'>sen</span> 
     </span>
     <span class='ocr_line' id='line_1_37' title="bbox 158 3990 1304 4080; baseline 0.003 -24"><span class='ocrx_word' id='word_1_354' title='bbox 158 3993 244 4080; x_wconf 88' lang='lat' dir='ltr'>qnod</span> <span class='ocrx_word' id='word_1_355' title='bbox 269 4030 306 4040; x_wconf 94' lang='lat'><em>-</em></span> <span class='ocrx_word' id='word_1_356' title='bbox 331 3992 558 4056; x_wconf 77' lang='lat' dir='ltr'>existimarent</span> <span class='ocrx_word' id='word_1_357' title='bbox 579 4029 621 4040; x_wconf 94' lang='lat'>—</span> <span class='ocrx_word' id='word_1_358' title='bbox 644 3993 714 4054; x_wconf 84' lang='lat' dir='ltr'>aive</span> <span class='ocrx_word' id='word_1_359' title='bbox 737 4012 773 4055; x_wconf 92' lang='lat' dir='ltr'>eo</span> <span class='ocrx_word' id='word_1_360' title='bbox 797 3990 883 4076; x_wconf 91' lang='lat' dir='ltr'>quod</span> <span class='ocrx_word' id='word_1_361' title='bbox 905 4028 948 4038; x_wconf 94' lang='lat'><em>-</em></span> <span class='ocrx_word' id='word_1_362' title='bbox 969 3990 1178 4059; x_wconf 86' lang='lat' dir='ltr'>confiderent.</span> <span class='ocrx_word' id='word_1_363' title='bbox 1210 3994 1238 4076; x_wconf 91' lang='grc'>7,</span> <span class='ocrx_word' id='word_1_364' title='bbox 1261 3994 1304 4059; x_wconf 84' lang='grc'>36</span> 
     </span>
     <span class='ocr_line' id='line_1_38' title="bbox 159 4091 1303 4181; baseline 0.002 -23"><span class='ocrx_word' id='word_1_365' title='bbox 159 4116 217 4158; x_wconf 87' lang='lat' dir='ltr'>seu</span> <span class='ocrx_word' id='word_1_366' title='bbox 239 4095 316 4181; x_wconf 91' lang='lat' dir='ltr'>quid</span> <span class='ocrx_word' id='word_1_367' title='bbox 339 4094 641 4159; x_wconf 87' lang='lat' dir='ltr'>communicandum</span> <span class='ocrx_word' id='word_1_368' title='bbox 672 4113 729 4155; x_wconf 88' lang='lat' dir='ltr'>seu</span> <span class='ocrx_word' id='word_1_369' title='bbox 757 4091 837 4178; x_wconf 91' lang='lat' dir='ltr'>quid</span> <span class='ocrx_word' id='word_1_370' title='bbox 860 4092 1151 4157; x_wconf 89' lang='lat' dir='ltr'>administrandum</span> <span class='ocrx_word' id='word_1_371' title='bbox 1173 4095 1303 4160; x_wconf 86' lang='lat' dir='ltr'>videro·</span> 
     </span>
     <span class='ocr_line' id='line_1_39' title="bbox 157 4192 1303 4281; baseline 0.003 -23"><span class='ocrx_word' id='word_1_372' title='bbox 157 4204 219 4259; x_wconf 86' lang='lat' dir='ltr'>tur.</span> <span class='ocrx_word' id='word_1_373' title='bbox 250 4197 300 4262; x_wconf 86' lang='lat'>89.</span> <span class='ocrx_word' id='word_1_374' title='bbox 333 4199 362 4273; x_wconf 91' lang='lat'>1,</span> <span class='ocrx_word' id='word_1_375' title='bbox 391 4195 431 4258; x_wconf 93' lang='grc'>12</span> <span class='ocrx_word' id='word_1_376' title='bbox 458 4196 529 4258; x_wconf 87' lang='lat' dir='ltr'>sive</span> <span class='ocrx_word' id='word_1_377' title='bbox 557 4215 635 4257; x_wconf 87' lang='lat' dir='ltr'>casn</span> <span class='ocrx_word' id='word_1_378' title='bbox 663 4195 733 4256; x_wconf 88' lang='lat' dir='ltr'>sive</span> <span class='ocrx_word' id='word_1_379' title='bbox 762 4193 897 4258; x_wconf 85' lang='lat' dir='ltr'>consilio</span> <span class='ocrx_word' id='word_1_380' title='bbox 926 4192 1059 4257; x_wconf 87' lang='lat' dir='ltr'>deorum</span> <span class='ocrx_word' id='word_1_381' title='bbox 1083 4217 1185 4259; x_wconf 85' lang='lat' dir='ltr'>-ea</span> <span class='ocrx_word' id='word_1_382' title='bbox 1213 4199 1303 4281; x_wconf 76' lang='lat' dir='ltr'>prin-</span> 
     </span>
     <span class='ocr_line' id='line_1_40' title="bbox 159 4294 1303 4384; baseline 0.004 -24"><span class='ocrx_word' id='word_1_383' title='bbox 159 4317 235 4384; x_wconf 82' lang='lat' dir='ltr'>ceps</span> <span class='ocrx_word' id='word_1_384' title='bbox 258 4319 380 4384; x_wconf 89' lang='lat' dir='ltr'>poenas</span> <span class='ocrx_word' id='word_1_385' title='bbox 403 4295 570 4383; x_wconf 87' lang='lat' dir='ltr'>persolvit.</span> <span class='ocrx_word' id='word_1_386' title='bbox 599 4295 685 4359; x_wconf 88' lang='lat' dir='ltr'>Liv.</span> <span class='ocrx_word' id='word_1_387' title='bbox 712 4297 738 4371; x_wconf 90' lang='lat'>1,</span> <span class='ocrx_word' id='word_1_388' title='bbox 762 4294 781 4359; x_wconf 92' lang='grc'>8</span> <span class='ocrx_word' id='word_1_389' title='bbox 802 4296 873 4360; x_wconf 88' lang='lat' dir='ltr'>siva</span> <span class='ocrx_word' id='word_1_390' title='bbox 892 4296 970 4381; x_wconf 87' lang='lat' dir='ltr'>quia</span> <span class='ocrx_word' id='word_1_391' title='bbox 991 4296 1020 4359; x_wconf 86' lang='lat' dir='ltr'>is</span> <span class='ocrx_word' id='word_1_392' title='bbox 1042 4315 1195 4359; x_wconf 88' lang='lat' dir='ltr'>numerus</span> <span class='ocrx_word' id='word_1_393' title='bbox 1219 4299 1303 4364; x_wconf 86' lang='lat' dir='ltr'>satie</span> 
     </span>
     <span class='ocr_line' id='line_1_41' title="bbox 160 4395 1304 4484; baseline 0.007 -26"><span class='ocrx_word' id='word_1_394' title='bbox 160 4406 230 4460; x_wconf 87' lang='lat' dir='ltr'>erat</span> <span class='ocrx_word' id='word_1_395' title='bbox 252 4399 323 4461; x_wconf 87' lang='lat' dir='ltr'>sive</span> <span class='ocrx_word' id='word_1_396' title='bbox 345 4399 423 4484; x_wconf 90' lang='lat' dir='ltr'>qnia</span> <span class='ocrx_word' id='word_1_397' title='bbox 444 4395 505 4464; x_wconf 90' lang='lat' dir='ltr'>soli</span> <span class='ocrx_word' id='word_1_398' title='bbox 533 4406 663 4463; x_wconf 86' lang='lat' dir='ltr'>centnm</span> <span class='ocrx_word' id='word_1_399' title='bbox 684 4405 775 4460; x_wconf 87' lang='lat' dir='ltr'>erant</span> <span class='ocrx_word' id='word_1_400' title='bbox 803 4399 858 4483; x_wconf 92' lang='lat' dir='ltr'>qni</span> <span class='ocrx_word' id='word_1_401' title='bbox 888 4406 944 4461; x_wconf 92' lang='lat' dir='ltr'>ctt.</span> <span class='ocrx_word' id='word_1_402' title='bbox 988 4396 1019 4475; x_wconf 93' lang='grc'>2,</span> <span class='ocrx_word' id='word_1_403' title='bbox 1047 4396 1088 4460; x_wconf 90' lang='grc'>41</span> <span class='ocrx_word' id='word_1_404' title='bbox 1113 4399 1185 4462; x_wconf 84' lang='lat' dir='ltr'>sive</span> <span class='ocrx_word' id='word_1_405' title='bbox 1217 4397 1304 4465; x_wconf 84' lang='lat' dir='ltr'>illud</span> 
     </span>
    </p>
   </div>
   <div class='ocr_carea' id='block_1_5' title="bbox 0 0 1478 4988">
    <p class='ocr_par' dir='ltr' id='par_1_7' title="bbox 0 0 1478 4988">
     <span class='ocr_line' id='line_1_42' title="bbox 0 0 1478 4988; baseline 0 0"><span class='ocrx_word' id='word_1_406' title='bbox 0 0 1478 4988; x_wconf 95' lang='lat' dir='ltr'> </span> 
     </span>
    </p>
   </div>
  </div>
 </body>
</html>
