2948 4988
615 314 843 414 ,506-

242 484 378 569 Spttere
403 484 538 547 Dichter
560 484 634 546 sind
662 484 695 546 in
724 482 830 546 dieser
854 481 1006 546 Hinsicht
1030 481 1080 546 bis
1106 484 1192 569 jetzt
1214 481 1288 545 nich

158 584 350 649 untersucht
371 585 514 650 worden.

243 687 302 751 Bei
325 687 468 752 Livius
492 685 564 750 sind
589 707 650 747 nur
673 685 799 769 wenige
814 684 938 749 Stellen
960 686 1020 750 mit
1043 684 1119 748 dem
1134 683 1242 748 Indic.
1262 708 1288 748 11

158 787 372 875 besprechen:
397 788 428 869 9,
451 789 480 866 3,
506 787 545 850 12
569 789 631 849 ista
653 784 784 871 quidem
815 788 995 869 sententie,
1024 786 1147 872 inquit,
1176 807 1214 850 ee
1244 797 1289 850 est

158 911 240 974 quae
261 910 367 974 neque
389 889 510 951 amicos
541 898 635 972 parat
662 909 721 950 nec
750 888 898 951 inimicos
928 887 1023 953 tellit.
1068 886 1289 951 Weissenbou

158 991 340 1054 iibersetzt:
370 993 437 1071 „ist
459 991 569 1072 (uuter
592 988 774 1074 mehrercn)
803 990 903 1073 grade
932 989 1115 1075 diejenige,
1145 988 1288 1056 welche!

158 1092 226 1154 lus
249 1093 293 1154 ist
315 1089 464 1155 ziemlich
487 1089 665 1153 kiinstiieh.
705 1089 820 1154 Gleich
843 1088 965 1154 darauf
984 1089 1085 1174 folgt:
1110 1113 1150 1155 ca
1170 1102 1220 1156 est
1242 1091 1287 1154 Ro

158 1215 255 1255 inane
275 1215 366 1274 gene,
389 1213 471 1277 quae
496 1193 582 1256 victa
598 1192 765 1277 quiescere
781 1193 913 1256 nesciat.
952 1191 1239 1279 Handschriftlich
1260 1193 1287 1255 is

158 1293 256 1356 auch:
279 1293 329 1373 42,
354 1293 405 1372 66,
429 1293 449 1355 9
472 1303 548 1356 sunt
570 1294 624 1378 qui
651 1331 685 1341 —
712 1305 861 1358 auctores
884 1304 968 1357 sunt.
1007 1292 1098 1359 Aber
1121 1296 1180 1358 mit
1201 1291 1289 1357 Rech

159 1392 232 1458 liest
258 1417 335 1458 man
366 1394 465 1457 sehon
496 1395 558 1458 seit
586 1395 755 1478 Sigonius:
789 1397 844 1480 qui
870 1432 911 1441 -
941 1396 1015 1459 sint.
1045 1433 1086 1442 —
1115 1394 1234 1459 Felsch
1260 1394 1289 1459 is

158 1496 244 1561 Seu.
268 1496 395 1579 previd.
420 1496 450 1579 2,
472 1496 492 1559 6
514 1517 578 1559 non
601 1506 677 1560 sunt
700 1518 782 1582 quae
805 1506 942 1582 possunt
963 1496 1078 1581 (jetztz
1101 1496 1252 1581 possint.)

243 1598 334 1661 Tac.
364 1596 443 1662 dial.
467 1598 504 1660 31
535 1608 609 1660 sunt
640 1596 726 1682 apud
757 1619 838 1684 ques
862 1635 902 1644 —
924 1606 1077 1662 meretur.
1117 1597 1178 1681 (Es
1207 1595 1289 1682 folg-

158 1698 267 1782 alios.)
304 1699 385 1782 Agr.
410 1697 451 1761 28
473 1720 512 1760 ac
535 1683 627 1762 idere
650 1720 729 1784 quos
752 1736 794 1746 -
816 1698 1004 1769 illustravit.
1046 1700 1144 1764 Sonst
1166 1710 1248 1763 setzt

159 1799 222 1863 den
245 1799 456 1886 Oonjunetiv.
479 1837 515 1846 -
541 1798 641 1863 Gell.
664 1801 768 1886 praef.
793 1801 810 1863 7
834 1809 910 1864 sunt
932 1801 987 1886 qui
1004 1839 1046 1848 —
1061 1801 1289 1887 inscripseru-

158 1902 188 1980 3,
214 1900 264 1983 18,
290 1902 305 1962 1
330 1922 395 1963 non
418 1900 513 1985 pauci
537 1909 612 1964 sunt
635 1902 691 1986 qui
714 1903 899 1987 opinantur.

244 2001 360 2087 Apul.
390 2011 466 2065 met.
496 2002 569 2084 5,2
599 2025 658 2066 nee
686 2014 736 2066 est
762 2002 940 2089 quidquam
969 2002 1057 2090 quod
1087 2004 1134 2067 ibi
1161 2025 1225 2067 non
1253 2034 1289 2066 ι

160 2102 440 2185 (wahrscheinlich
475 2102 705 2167 verschrieben
744 2114 838 2168 statt:
873 2103 938 2190 sit).
982 2103 1086 2169 Beide
1123 2103 1228 2168 Medi:

159 2205 280 2269 mundo
303 2227 353 2291 cp.
379 2205 397 2266 7
421 2215 497 2267 sunt
519 2205 575 2290 qui
600 2228 654 2268 eas
678 2205 824 2269 finitimis
848 2203 927 2269 locis
951 2208 1241 2293 comprehendunt,

160 2317 237 2371 sunt
259 2308 314 2394 qui
338 2307 371 2369 in
393 2305 459 2370 elia
481 2306 643 2370 divisione
667 2327 721 2370 ees
750 2305 918 2370 habendas
946 2317 1064 2394 putent
1086 2307 1142 2393 (al.
1164 2318 1289 2394 pute]

160 2407 332 2495 Capitol.
358 2408 436 2471 Ant.
465 2406 521 2470 Ph.
548 2407 586 2470 18
614 2429 674 2472 nec
703 2406 877 2472 defuerunt
904 2409 1051 2474 hemines
1082 2411 1137 2495 qui
1164 2447 1204 2456 —
1229 2432 1289 2475 cz«

161 2511 341 2574 cinuerunt.

245 2611 294 2674 Inr
327 2609 554 2695 Aligemeinen
587 2612 702 2674 nimmt
736 2610 794 2674 der
828 2611 1004 2680 Gebrauch
1039 2611 1097 2676 des
1125 2612 1289 2683 Indicant

112 2708 117 2715 ’
161 2712 243 2776 nach
277 2713 336 2775 der
368 2710 570 2775 klassisehen
601 2713 674 2775 Zeit
701 2713 755 2795 ab,
786 2712 853 2775 und
884 2713 935 2777 bei
968 2713 1129 2778 rnanchen
1163 2717 1289 2782 Antorer

162 2812 289 2877 seheint
312 2837 346 2876 er
370 2837 410 2877 zu
434 2813 552 2877 fehlen.

246 2917 274 2978 3.
299 2917 367 2978 Der
383 2937 447 2978 von
471 2916 535 2977 den
551 2915 749 3001 Adjectiven
771 2917 894 2999 (11911113,
911 2918 1072 3000 111ᾱὶ911113,
1089 2919 1213 2982 Merme
1234 2917 1282 2979 und

161 3022 254 3097 uptus
287 3015 473 3100 abhdngige
506 3015 710 3080 Relativsatz
750 3017 836 3080 steht
869 3040 981 3102 wegen
1022 3020 1080 3082 der
1112 3019 1278 3100 Bedeutuug

162 3117 269 3180 dieser
291 3117 481 3201 Adjectiva‚
505 3116 558 3181 die
586 3120 645 3181 auf
670 3133 770 3182 etwas
799 3143 840 3181 zu
869 3123 1087 3184 erwartendes
1117 3119 1273 3195 hinweisen,

161 3241 223 3281 nur
245 3219 288 3281 im
306 3218 521 3304 Coujunctiv:
551 3219 680 3283 Plaut.
706 3222 796 3288 Asin,
813 3221 854 3284 80
876 3225 1070 3306 praesertim
1094 3245 1184 3309 quom
1203 3222 1224 3283 is
1236 3236 1271 3279 1111

163 3320 309 3403 dignum,
334 3323 408 3405 quoi
431 3319 652 3402 concrederet,
676 3322 801 3385 habuit.
846 3321 930 3384 Ter.
955 3324 1037 3387 Eun.
1063 3325 1125 3389 866
1146 3333 1177 3388 at
1196 3334 1222 3384 tu
1238 3319 1269 3380 in·

163 3423 283 3507 dignus
313 3424 366 3508 qui
396 3422 531 3486 faceres.
570 3423 673 3486 Andr.
697 3424 757 3487 757
786 3421 911 3506 idonei,
942 3425 975 3488 in
1002 3427 1121 3512 quibus
1149 3427 1192 3489 sic
1211 3419 1268 3486 inlu·

163 3525 256 3588 detis.
301 3523 376 3588 Alle
405 3525 475 3587 drei
503 3525 681 3610 Adjectiva
715 3525 787 3588 sind
823 3527 902 3590 eben
933 3549 969 3591 so
1003 3548 1066 3591 von
1097 3528 1201 3592 Cicero
1223 3514 1269 3583 1111

163 3625 321 3711 Spttteren
344 3627 534 3708 constrnirt3
559 3631 637 3690 aber
660 3633 753 3708 uirtus
776 3627 855 3689 wird
878 3628 982 3690 111112
1004 3628 1071 3693 Mal
1094 3630 1191 3693 eitirt:
1213 3620 1268 3686 Cic·

164 3726 254 3789 Lael.
281 3730 309 3806 1,
325 3728 346 3789 4
367 3726 456 3789 nulla
480 3727 653 3792 videbatur
675 3731 781 3815 aptior
798 3750 948 3814 persona,
966 3752 1050 3814 quse
1066 3730 1107 3794 de
1129 3729 1181 3794 illu
1196 3732 1270 3790 ectttt

164 3828 358 3913 loqueretur.
397 3831 508 3912 (Sonst
530 3840 613 3893 setzt
637 3833 737 3894 cred
758 3830 838 3895 oder
861 3830 924 3894 den
948 3832 1078 3914 Datis.)
1118 3830 1208 3897 Ovid
1225 3825 1270 3890 her·

163 3932 193 4014 3,
217 3930 258 3993 70
280 3939 329 3992 est
353 3930 440 4011 rnihi,
465 3955 547 4017 quae
569 3930 660 3995 lenas
684 3931 818 4014 molliet,
842 3944 919 4019 apta
942 3956 1066 4000 manus.

247 4030 357 4095 Ucber
379 4033 493 4114 (11911113
516 4035 573 4096 mit
594 4039 629 4097 111
651 4057 676 4096 s.
700 4037 732 4114 ξ.
757 4034 833 4115 399,
864 4036 924 4099 mit
952 4035 1025 4098 dem
1055 4037 1147 4101 lnfin.
1175 4031 1276 4116 §.itu

164 4133 245 4196 uber
266 4136 395 4197 idoneus
417 4135 484 4198 und
508 4140 600 4217 aptus
622 4157 649 4198 c.
674 4136 729 4198 ins.
755 4135 790 4198 II
814 4137 846 4200 S.
869 4137 931 4200 356
954 4140 1049 4202 oben.

248 4239 278 4316 ξ.
302 4236 373 4298 491.
409 4236 580 4300 Causale
602 4236 884 4301 Relativsiitze
907 4239 1021 4302 stehen
1050 4240 1084 4303 in
1107 4241 1164 4305 der
1183 4236 1281 4302 archei·

165 4337 260 4399 sciren
279 4336 352 4399 Zeit
375 4338 457 4401 noch
481 4338 710 4423 iiberwiegend
733 4341 776 4401 irn
800 4339 1025 4421 Indicativ,
1048 4365 1076 4407 z.
1093 4343 1131 4406 B.
1146 4338 1198 4404 Pl.
1214 4338 1289 4404 Trin.

165 4437 226 4500 905
249 4436 385 4501 ridicule
408 4440 540 4523 rogitas,
563 4440 702 4526 quocuui
725 4462 791 4503 una
813 4442 923 4506 cibum
946 4464 1062 4528 capere
1088 4441 1183 4507 soleo.
1224 4441 1289 4506 Hier
