2924 4994
528 307 760 377 -175-

67 462 129 530 das
153 461 436 551 Vorauigehendo
463 464 610 530 motivirt
638 464 693 529 ist.
739 462 923 529 Besonders
947 460 1059 548 httufig
1082 463 1125 529 ist
1148 463 1218 528 dies
1288 525 1289 528 ,

66 569 111 632 im
135 567 275 653 Dialog‚
308 565 377 631 also
406 565 545 633 beiden
567 567 768 650 Komikern‚
800 589 866 632 von
889 566 994 631 denen
1013 568 1134 653 jedoeh
1157 589 1218 630 nur

72 670 238 734 Plautus
261 669 351 734 citirt
373 667 468 750 wird.

152 813 186 851 α.
210 787 301 870 Ενρο
324 786 410 850 beiru
433 785 669 873 imperativ:
700 787 747 851 Pl.
773 787 838 851 mil.
861 788 924 852 255
946 787 1031 851 ἱιιιιο
1053 788 1108 851 abi
1130 788 1236 872 ergo(

67 890 189 954 Pseud.
213 889 278 954 652
300 888 377 954 dato
399 890 507 953 istunc
529 888 712 953 sumbolum
737 912 814 973 ergo
838 887 896 952 illi.
941 889 1027 953 Mon.
1051 889 1115 954 430
1137 911 1215 974 orgo

66 1014 145 1056 mox
167 991 297 1055 auferto
320 1001 437 1058 tecum.
482 990 573 1054 Pera.
596 991 659 1056 239
681 991 735 1056 dio
758 1013 844 1076 orgo.
876 992 934 1056 701
957 990 1105 1056 ausculto
1127 1013 1215 1075 ergo,

64 1104 104 1157 ιιι
126 1095 227 1157 scias.
272 1090 373 1155 Mero.
403 1091 467 1157 955
495 1095 574 1179 quin
602 1103 638 1157 tu
667 1114 744 1178 ergo
768 1093 777 1154 i
806 1093 912 1157 modo.
959 1093 1059 1159 Stich.
1082 1095 1141 1156 671
1168 1115 1215 1156 se-

65 1215 171 1280 quere
193 1215 273 1278 ergo
295 1190 356 1256 hac
377 1214 429 1256 me
451 1194 548 1260 intro.
593 1193 657 1259 Mit
685 1215 759 1276 ape:
783 1194 880 1259 Most.
909 1196 972 1260 662
998 1216 1060 1278 ago
1082 1194 1214 1258 commi-

63 1298 194 1360 niscere
218 1315 307 1379 ergo.
352 1294 446 1358 Mehr
468 1318 527 1359 aus
550 1296 686 1361 Plautus
708 1295 799 1381 giebt
822 1296 920 1362 Hand
943 1296 976 1361 S.
1000 1296 1060 1359 451
1087 1295 1118 1359 ff.

154 1396 239 1461 cie.
262 1396 355 1461 acad.
378 1396 410 1477 2,
432 1396 475 1460 30
497 1398 573 1460 vide
596 1419 683 1482 ergo.
728 1396 816 1461 Lael.
848 1400 888 1463 10
915 1399 1026 1462 audite
1049 1419 1137 1481 ergo,
1160 1418 1216 1482 op·

62 1501 139 1564 timi
164 1499 240 1563 viri.
285 1498 395 1563 Caes.
420 1500 450 1562 b.
475 1520 502 1562 c.
526 1500 556 1580 3,
583 1499 620 1563 19
643 1499 783 1563 desinite
811 1522 889 1584 orgo
919 1500 960 1562 de
983 1499 1215 1584 compositione

61 1602 168 1687 loqui.
191 1588 234 1648 -’
255 1600 343 1664 Duas
357 1622 417 1663 aus
433 1609 580 1686 spittorer
596 1600 670 1664 Zeit
690 1602 796 1664 niehts
815 1600 991 1684 angef‘uhrt
1013 1600 1105 1683 wird,
1128 1597 1215 1663 holte

63 1703 118 1767 ich
143 1702 200 1767 fiir
223 1701 343 1766 Zufall.

149 1823 185 1903 β.
222 1819 287 1885 Die
316 1818 558 1905 Aufforderung
585 1821 672 1885 steht
700 1822 742 1884 im
773 1821 1039 1908 Oonjunotiv:
1071 1821 1119 1885 Pl.
1148 1822 1214 1884 mil.

62 1923 106 1987 78
128 1944 195 2005 age
217 1943 328 1986 eamus
351 1944 439 2006 ergo.
470 1922 533 1986 944
554 1921 709 1986 abeamus
732 1945 809 2007 ergo
834 1925 927 1987 intro.
961 1923 1042 1986 1420
1063 1945 1140 2007 orgo
1156 1923 1213 1986 des

62 2026 190 2089 minam
214 2024 285 2087 auri
308 2024 413 2087 uobis.
446 2014 531 2088 'Coa
553 2025 582 2102 3,
606 2024 636 2105 0,
662 2026 698 2087 17
723 2025 808 2089 intro
831 2046 908 2109 ergo
931 2025 1059 2089 abeant.
1079 2063 1115 2070 -
1133 2025 1211 2087 Cio.

61 2126 120 2189 fin.
144 2127 179 2206 5,
208 2126 228 2188 8
256 2146 398 2210 orgo-
421 2125 497 2188 hino
524 2128 691 2211 capiamus
721 2125 901 2192 exordium,
952 2127 1043 2189 Brut.
1071 2127 1113 2188 42
1142 2148 1212 2210 per-

60 2249 184 2312 gamus
206 2248 295 2311 ergo,
318 2227 461 2313 inquam,
484 2224 525 2288 ad
549 2224 684 2312 reliqua.

151 2368 184 2426 γ.
207 2343 369 2409 Futurum
386 2365 448 2427 pro
471 2347 677 2427 imperativo:
702 2345 750 2409 Pl.
781 2345 845 2409 mil.
870 2347 933 2410 476
956 2368 1033 2430 orgo
1059 2348 1084 2409 si
1110 2348 1207 2431 sapis,

61 2445 268 2511 mussitabio.

150 2552 184 2633 g)
208 2548 319 2612 Selten
342 2548 433 2613 dient
454 2570 525 2632 erqo
548 2561 627 2613 statt
647 2551 745 2631 ipitar
768 2549 867 2630 dazu,
901 2572 955 2612 um
979 2549 1078 2612 nach
1102 2551 1213 2612 einer

63 2649 424 2734 Unterbreohung,
467 2673 559 2715 wozu
594 2651 676 2714 auch
711 2652 764 2714 die
804 2652 1052 2715 Parenthese
1085 2650 1212 2734 gerbort,

63 2752 190 2816 wieder
216 2752 462 2836 anzukniipfen.
508 2753 588 2816 Dies
617 2753 700 2815 wird
730 2775 791 2815 nur
818 2775 876 2816 aris
906 2754 1045 2816 Cicero
1075 2753 1211 2835 nachgo-

65 2855 206 2916 wiesen:
230 2863 296 2940 top.
323 2856 371 2934 10,
395 2854 435 2916 72
458 2853 537 2917 haee
560 2877 637 2938 orgo
654 2857 893 2937 argumentatio
917 2893 956 2900 —
981 2855 1014 2917 in
1031 2856 1215 2917 testimonio

66 2956 176 3038 posita
186 2966 244 3018 est.
274 2966 356 3039 part.
381 2976 428 3017 or.
455 2956 502 3034 13,
518 2955 560 3018 45
574 2946 890 3039 argumentationem
906 2978 1061 3040 quaerero
1078 2955 1211 3037 videris,

68 3077 153 3140 quae
175 3068 223 3120 est
245 3057 430 3141 argumenti
453 3054 639 3141 explicatio.
672 3057 768 3119 Danu
785 3056 868 3141 folgt
884 3059 966 3121 nach
984 3060 1065 3120 zwei
1083 3056 1210 3120 Zoilen:

73 3166 231 3241 astorgo,
254 3171 290 3221 ut
313 3179 412 3243 supra
434 3160 556 3222 dictum
580 3168 639 3237 est,
664 3159 841 3242 explicatio
868 3161 1058 3242 argumenti.
1103 3160 1156 3222 off.
1179 3162 1210 3238 2,

72 3258 101 3333 3,
120 3260 153 3320 11
169 3280 252 3344 quae
275 3281 352 3344 ergo
368 3260 409 3324 ad
426 3260 527 3323 vitam
545 3261 710 3323 hominum
727 3260 880 3324 tuendam
898 3261 1063 3345 pertinent
1079 3260 1214 3341 (prodor

76 3357 284 3445 aukniapfend
309 3383 350 3424 an
374 3360 436 3424 den
453 3360 587 3444 Anfang
604 3384 668 3424 von
691 3365 720 3441 ξ.
744 3362 788 3445 9),
828 3360 868 3423 <le
891 3383 935 3424 or.
964 3365 976 3423 1
1002 3366 1032 3443 ξ.
1056 3362 1115 3424 241
1134 3383 1211 3444 ergo

78 3459 108 3520 in
130 3459 187 3524 hoe
209 3483 326 3545 genere
354 3463 434 3526 iuris
456 3462 579 3526 iudicia
606 3462 695 3526 nulla
718 3474 802 3527 sunt.
848 3462 929 3526 Phil.
958 3463 1004 3544 12,
1027 3465 1057 3543 9,
1081 3465 1123 3525 22
1146 3473 1210 3526 tres

79 3580 159 3643 orgo,
180 3573 215 3627 ιιι
237 3563 317 3642 dixi,
342 3565 425 3626 viae.

157 3679 243 3744 Nach
260 3683 526 3746 Parenthesen
544 3683 660 3748 hoohst
675 3682 796 3747 seiten:
813 3683 912 3748 Tuso.
933 3689 957 3766 1,
981 3687 1011 3765 7,
1031 3687 1065 3746 11
1084 3686 1117 3747 id
1134 3706 1210 3767 orgo

81 3788 125 3841 ost
145 3785 390 3864 pronuntiatum.
435 3786 511 3847 farn.
543 3787 592 3867 15,
625 3786 673 3868 10,
703 3788 717 3848 1
742 3786 894 3870 quoniam
918 3787 950 3849 id
973 3786 1092 3849 accidit
1115 3824 1151 3831 —
1177 3809 1212 3849 os

86 3879 184 3964 iolgen
206 3885 272 3948 drei
297 3886 412 3949 Zeilen
436 3887 495 3949 mit
517 3887 732 3966 Parentheso,
762 3887 865 3950 donn:
890 3892 1040 3971 quoniam
1066 3909 1143 3969 ergo
1167 3889 1211 3949 ita

82 3981 196 4049 accidit.

155 4102 188 4185 h)
212 4104 496 4186 Pleonasnren,
514 4107 575 4170 wie
588 4129 659 4190 erpo
672 4111 768 4190 ipitar
781 4109 847 4170 und
858 4110 964 4189 ‘itaque
979 4128 1049 4188 erpo
1065 4104 1138 4168 sind
1151 4127 1208 4166 un·

81 4198 237 4270 kiassisoh.
281 4207 430 4271 Hiervon
453 4209 554 4272 findet
576 4209 645 4272 sich

153 4347 181 4388 o.
223 4347 295 4407 erpo
328 4328 428 4408 ipitur
461 4326 513 4388 bei
548 4326 654 4390 Plaut.
684 4328 775 4392 Trio.
808 4331 869 4391 too
903 4351 966 4413 quo
1002 4336 1096 4412 paeto
1129 4347 1206 4409 ergo

76 4421 166 4505 igitur
187 4426 270 4490 olam
287 4429 347 4491 dos
364 4429 510 4514 depromi
527 4431 657 4514 potest?
681 4430 744 4493 818
767 4453 804 4493 oo
827 4452 887 4514 ego
904 4453 981 4512 orgo
995 4431 1095 4511 igitur
1111 4431 1205 4496 intro.
