2948 4988
634 313 845 377 ..83-

164 486 258 530 wenn
287 464 347 529 das
376 467 492 530 zweite
519 464 616 531 Glied
647 465 726 530 oder
758 490 820 530 nur
848 469 901 531 ein
929 466 1024 532 Wort
1051 466 1223 532 desselben
1254 467 1309 533 be-

163 577 234 632 tont
255 566 356 630 wird:
380 566 575 650 0150113,
599 571 615 632 1
638 579 675 633 ut
696 589 803 655 neque
826 578 969 632 cessaret
991 591 1133 655 unquam
1157 579 1190 632 et
1211 569 1309 634 inter·

162 667 240 732 dum
264 666 426 752 colloquio
450 667 584 733 alterius
607 692 670 734 non
694 680 813 754 egeret.
851 670 892 734 de
915 691 959 734 or.
978 672 1006 752 1,
1021 670 1063 734 39
1084 670 1179 734 horno
1201 691 1309 757 neque

162 791 234 834 meo
258 770 380 833 iudicio
403 768 521 834 stultus
545 781 579 835 et
600 793 658 835 suo
682 769 779 834 valde
807 772 936 859 sapiens
965 782 997 836 et
1024 771 1066 834 ab
1094 772 1175 836 iuris
1198 772 1309 837 studio

163 894 230 937 non
254 871 445 937 abhorrens.
489 871 578 937 Tac.
602 872 634 936 h.
655 873 686 953 4,
710 873 762 937 85.

245 974 278 1038 3.
324 972 487 1054 Neque-
503 995 542 1039 ac
556 972 635 1038 oder
649 979 743 1056 atque
764 974 808 1037 ist
829 973 904 1038 sehr
927 972 1031 1038 selten
1053 975 1120 1038 und
1144 976 1309 1039 erscbeint

160 1084 227 1139 eret
256 1076 301 1138 im
329 1073 496 1138 silbernen
524 1073 698 1140 Zeitalter:
732 1075 809 1138 Tac.
840 1076 920 1159 Agr.
952 1076 992 1138 10
1017 1096 1121 1162 neque
1150 1097 1308 1162 quaerere

161 1176 259 1241 huius
281 1177 390 1262 operis
419 1186 470 1240 cst
496 1198 536 1240 ac
563 1175 659 1241 multi
686 1176 851 1242 rettulere.
897 1176 986 1241 Suet.
1014 1177 1110 1263 Vesp.
1138 1178 1176 1241 12
1203 1200 1309 1264 neque

159 1278 385 1342 dissimulavit
406 1299 549 1364 unquam
572 1300 611 1341 ae
632 1278 821 1365 frequenter
844 1279 941 1342 etiam
963 1300 1100 1364 praese
1123 1276 1208 1341 tulit.
1249 1279 1307 1343 Bei

161 1377 296 1444 Martial
322 1381 371 1457 11,
385 1379 427 1442 32
449 1379 538 1445 steht
558 1400 643 1444 neun
659 1378 727 1443 Mal
749 1400 805 1445 uec
825 1378 893 1443 und
916 1379 1005 1443 daun
1027 1377 1111 1463 folgt
1126 1379 1184 1443 das
1207 1379 1308 1445 letzte

161 1479 263 1544 Glied
284 1482 345 1544 mit
365 1485 468 1562 atque.
511 1480 606 1545 Mehr
627 1480 751 1546 Stellen
773 1475 854 1544 sind*
869 1481 960 1546 nicht
981 1479 1238 1565 nuchgewiesen.

246 1584 277 1646 4.
322 1581 434 1663 Neque
455 1578 590 1664 (18)-
611 1603 670 1664 que
691 1583 734 1647 ist
757 1584 864 1666 wenig
884 1580 1065 1666 gebraucht
1087 1582 1219 1647 worden
1239 1583 1307 1646 und

165 1684 300 1768 beginnt
319 1697 387 1747 erst
408 1683 460 1746 bei
477 1683 633 1748 Cicero:
655 1684 753 1747 Tnec.
772 1687 800 1763 1,
816 1683 858 1747 29
880 1683 1030 1749 Socrates
1053 1704 1113 1747 nec
1134 1694 1307 1769 patronum

166 1785 384 1869 qnaesivit-
405 1805 467 1848 nec
489 1784 654 1849 iudicibus
681 1784 820 1872 supplex
847 1785 911 1849 fuit
933 1776 1148 1871 adhibuitque
1170 1783 1307 1849 liberam

169 1886 411 1951 contumaciam.
450 1885 539 1949 Lael.
560 1887 600 1949 27
624 1886 682 1950 sed
705 1909 765 1951 nec
790 1886 848 1951 illa
875 1888 1038 1951 exstincta
1060 1898 1137 1952 sunt
1159 1887 1304 1951 aluntur·

174 2007 227 2070 que
248 1989 357 2073 potius
380 1998 413 2051 ct
434 1997 595 2070 augentur
616 1990 814 2073 cogitatione
842 2000 874 2053 et
895 1989 1051 2052 memoria
1077 2009 1157 2052 mea.
1194 1988 1250 2052 fin.
1278 1992 1305 2069 1,

179 2088 211 2150 14
228 2087 422 2174 intelligitur
444 2110 505 2152 nec
526 2089 808 2170 intemperantiam
831 2100 963 2175 propter
979 2113 1013 2154 se
1028 2113 1100 2154 esse
1115 2090 1305 2175 fugiendam

180 2192 476 2276 temperantiamque
500 2190 725 2276 expetendam.
763 2191 859 2256 Catil.
882 2192 913 2276 2,
940 2194 977 2257 13
1004 2203 1041 2257 ut
1067 2213 1173 2277 neque
1202 2192 1306 2256 bonus

184 2293 335 2378 quisquam
357 2293 496 2357 intereat
518 2314 758 2380 paucorumque
786 2314 891 2379 poena
913 2315 971 2357 vos
991 2304 1111 2358 ‘omnes
1134 2294 1199 2356 iam
1223 2293 1307 2357 salvi

187 2410 242 2454 esre
259 2394 402 2480 possitis.
439 2393 507 2459 div.
533 2397 561 2476 1,
577 2396 619 2459 32
642 2406 709 2459 turn
732 2416 837 2480 neque
859 2397 1017 2482 tedpsum
1039 2418 1105 2461 non
1128 2416 1199 2459 esse
1222 2416 1307 2459 oom-

188 2501 286 2558 motum
312 2495 526 2581 Marcumque
556 2495 734 2559 Varronem
764 2508 797 2561 et
824 2496 868 2561 M.
892 2495 1049 2561 Catonem
1072 2533 1113 2545 -
1141 2517 1212 2560 esse
1235 2518 1304 2581 per-

190 2594 301 2660 territos.
339 2596 371 2679 2,
393 2597 445 2680 43,
468 2597 519 2660 91.
558 2595 643 2681 legg.
668 2598 696 2679 1,
724 2598 772 2679 15,
792 2597 845 2660 42.
882 2596 1047 2682 Sulpicius
1064 2619 1116 2683 ap.
1134 2597 1202 2662 Cic.
1226 2596 1303 2660 fam.

190 2691 213 2768 4,
230 2694 253 2774 5,
274 2700 299 2762 l.
316 2734 359 2745 -
380 2698 471 2762 Aber
494 2696 584 2762 nicht
606 2697 719 2761 Caes.
743 2700 774 2763 b.
799 2722 827 2762 c.
851 2700 882 2781 3,
905 2698 956 2780 14,
980 2699 1000 2762 3
1023 2701 1087 2780 (wo
1111 2699 1185 2762 dem
1207 2718 1305 2779 neque

190 2789 258 2860 nicht
275 2820 341 2883 qne,
367 2799 509 2863 sondern
532 2797 589 2862 das
613 2797 733 2862 darauf
752 2799 946 2884 folgendeet
969 2799 1172 2886 entsprieht).
1210 2799 1304 2864 Eben

191 2910 218 2952 ⁸0
235 2895 326 2984 Virgil
350 2899 419 2964 und
442 2901 539 2984 ovid,
562 2925 589 2963 s.
613 2899 713 2964 Hand
735 2902 766 2982 4,
793 2901 863 2966 138.

253 3001 278 3065 l.
319 3006 362 3066 at
386 3040 428 3049 -
448 3023 547 3084 neque
568 3001 651 3067 fehlt
672 3002 756 3067 noch
783 3004 816 3066 in
840 3003 897 3066 der
925 3001 1179 3067 archaistischen
1203 3002 1305 3067 Litte-

193 3105 270 3184 ratur,
295 3106 338 3168 ist
360 3102 484 3170 beliebt
513 3103 564 3167 bei
588 3104 721 3187 Cicero,
746 3105 833 3169 dann
855 3105 934 3168 aber
957 3104 1069 3168 selten.
1108 3103 1187 3167 Cic.
1210 3101 1306 3167 Catil.

192 3189 216 3271 3,
233 3199 248 3261 8
264 3214 337 3269 tunc
359 3217 391 3268 et
414 3204 484 3268 ludi
507 3204 620 3268 decem
648 3228 706 3292 per
734 3205 805 3270 dies
834 3206 914 3269 facti
938 3217 1015 3270 sunt
1036 3226 1141 3291 neque
1163 3226 1214 3267 res
1237 3202 1305 3268 ulla

194 3327 222 3339 “
239 3308 456 3385 praetermissa
477 3317 537 3373 est.
576 3329 607 3391 p.
631 3306 748 3372 Flacco
771 3307 813 3370 20
841 3308 897 3393 qui
927 3317 959 3371 et
988 3328 1056 3370 rem
1078 3307 1227 3390 agnoscit
1249 3327 1303 3368 ne-

194 3411 239 3476 que
255 3403 410 3472 hominem
432 3409 569 3492 ignorat.
607 3431 639 3471 n.
662 3407 695 3471 d.
721 3411 748 3490 1,
771 3409 812 3473 38
835 3409 891 3472 sed
915 3419 947 3472 et
969 3408 1024 3471 ille
1046 3407 1262 3493 reprehensus
1285 3429 1305 3470 a

195 3499 275 3569 multis
299 3520 348 3574 est
376 3531 481 3596 neque
510 3532 569 3574 vos
598 3511 722 3574 exitum
756 3511 916 3595 reperitis.
968 3509 1173 3592 Fortgesetzt
1200 3508 1304 3572 durch

195 3599 259 3656 ‘l-
276 3617 316 3675 et:
343 3612 444 3676 Tusc.
466 3614 498 3694 5,
521 3611 563 3676 38
592 3611 650 3675 Cn.
674 3610 826 3674 Aufidius
856 3622 888 3675 et
915 3614 950 3675 in
972 3621 1088 3675 senatu
1111 3611 1303 3674 sententiam

198 3694 297 3774 dicebat
316 3734 377 3775 nec
398 3713 514 3778 amicis
532 3750 570 3762 -
588 3711 702 3775 deerat
716 3723 749 3777 et
764 3711 924 3777 Graecam
948 3713 1114 3777 scribebat
1136 3711 1304 3776 historiam

196 3807 220 3858 il
234 3807 351 3878 videbat
372 3813 406 3875 in
429 3811 557 3877 litteris.
584 3850 620 3860 -
645 3812 738 3876 Mchr
759 3814 849 3896 giebt
873 3813 986 3891 Hand,
1015 3813 1097 3877 auch
1124 3834 1183 3876 ans
1207 3812 1302 3877 nach-

196 3891 361 3978 klasiseher
384 3913 467 3996 Ζείῑ,
489 3913 521 3994 2,
543 3914 607 3977 534
621 3913 665 3997 fg.
711 3913 774 3977 Mit
795 3920 899 3978 taurea
921 3915 1028 3978 hinter
1049 3935 1121 3977 nee:
1154 3914 1224 3976 Cic.
1247 3912 1302 3975 lin.

197 3996 220 4161 ἓ
236 4007 272 4088 18,
290 4015 326 4078 51
350 4013 419 4079 und
442 4016 474 4079 in
497 4014 562 4077 den
584 4006 727 4080 Briefen.
772 4013 836 4079 Mit
856 4037 944 4080 vero:
980 4016 1021 4080 de
1048 4037 1094 4079 or.
1122 4014 1152 4094 2,
1175 4014 1227 4092 23,
1251 4013 1303 4080 98.

220 4104 275 4175 &flu
293 4116 376 4180 steht

258 4213 286 4298 5)
305 4223 332 4281 ct
354 4256 386 4264 —
412 4224 441 4282 ct
460 4239 540 4301 nort,
569 4240 662 4281 wenn
685 4219 744 4282 das
771 4219 886 4283 aweite
909 4218 1007 4284 Glied
1030 4216 1109 4281 oder
1132 4216 1185 4278 ein
1207 4213 1304 4278 Wort

200 4299 267 4375 dam
278 4314 538 4402 hervorgehoben
554 4319 652 4383 wird:
676 4320 755 4384 Cic.
773 4320 848 4383 fam.
867 4321 916 4401 13,
933 4320 985 4399 22,
1004 4320 1020 4380 l
1037 4338 1112 4379 narn
1128 4327 1160 4380 et
1175 4337 1304 4400 semper

201 4424 235 4469 ¹1¹0
254 4416 341 4482 coluit
367 4419 682 4507 diligentissimeque
708 4421 898 4485 observavit
926 4433 959 4484 et
986 4442 1006 4481 a
1034 4418 1153 4481 studiis
1181 4421 1302 4481 nostris

1061 4524 1077 4572 6
1084 4518 1100 4550 'k
