2948 4988
566 374 603 384 —
648 337 795 402 685-

84 503 171 569 428
195 507 304 572 victus
331 528 403 571 sum
431 505 458 571 si
486 505 620 571 dixeris.
657 507 743 572 Ter.
768 506 853 571 Eun.
880 507 963 572 1064
985 510 1012 573 si
1035 518 1067 572 te
1089 509 1124 573 in
1146 507 1253 594 platea

81 606 270 674 offendero
286 645 323 656 —
336 607 473 693 periisti.
503 608 564 673 717
581 618 730 684 actumst,
748 610 776 672 si
793 609 925 695 quidem
948 619 983 674 tu
1005 633 1056 674 me
1079 612 1132 675 hic
1154 612 1252 675 etiam

76 705 326 774 ludificabere.
365 709 469 773 Andr.
498 709 559 773 961
590 710 634 772 mi
667 707 893 773 immortalitas
928 720 1068 795 portast,
1104 711 1132 775 si
1161 711 1251 777 nulla

73 809 278 893 aegritudo
299 809 376 875 hnic
397 808 519 895 gaudio
541 811 774 874 intercesserit.
807 809 937 874 Phorm.
961 811 1034 876 248.
1064 811 1185 877 Heaut.
1211 814 1251 877 12

68 928 144 972 me
181 919 327 976 actorem
356 910 462 990 dedit,
490 912 518 975 si
546 909 599 975 hic
626 920 718 974 actor
746 920 873 975 tanturn
902 912 1022 997 poterit
1051 935 1070 976 a
1096 913 1251 978 facundia

65 1006 133 1087 (d.
174 1011 212 1077 h.
243 1013 297 1077 fiir
325 1010 388 1077 den
417 1010 505 1095 Fall,
539 1010 617 1075 dass
645 1011 697 1075 ich
731 1011 817 1076 mich
847 1013 962 1077 beredt
993 1035 1103 1099 genug
1136 1017 1249 1099 zeigen

65 1114 238 1201 wer'de).
281 1114 343 1179 Bei
365 1113 508 1178 Cicero
530 1111 619 1175 finde
641 1113 692 1176 ich
716 1112 854 1198 analoga
877 1114 1025 1179 Perfecta
1046 1137 1108 1180 nur
1130 1116 1248 1181 selten:

64 1204 200 1280 Verr.
226 1216 264 1297 3,
293 1215 335 1279 62
363 1215 426 1278 nisi
455 1236 506 1278 res
533 1212 591 1278 illa
618 1213 793 1278 manifesta
820 1217 881 1279 erit
902 1214 1013 1280 adlata
1037 1254 1075 1264 —
1098 1217 1248 1282 vicimus.

63 1305 197 1381 Zwei
227 1317 349 1381 andere
381 1313 504 1380 Stellen
531 1338 600 1380 aus>
618 1315 685 1379 ihm
714 1315 780 1380 und
808 1317 890 1382 zwei
923 1340 982 1383 aus
1009 1317 1125 1383 Livius
1158 1341 1184 1383 s.
1214 1319 1248 1382 in

41 1409 102 1492 §-
143 1416 231 1483 129.
276 1416 408 1481 Anders
430 1417 474 1507 ist
494 1416 574 1482 aber
597 1416 657 1480 das
674 1417 944 1483 Zeitvcrhttltniss
967 1419 1122 1484 beiSeu.
1139 1418 1246 1484 benef.
1279 1426 1290 1455 ‘

62 1504 107 1585 6,
144 1516 216 1599 28,
240 1520 257 1582 l
281 1526 440 1606 quantum
463 1517 631 1583 existimas
654 1528 865 1599 tormentum,
896 1521 993 1583 etiam
1022 1519 1050 1583 si
1078 1541 1247 1606 accepero,

61 1618 256 1692 eguisse?
279 1619 378 1685 ctiam
401 1617 429 1682 si
451 1628 602 1683 servatus
625 1618 727 1704 fuero,
751 1619 958 1706 trepidasse?
981 1621 1079 1685 ctiam
1103 1622 1129 1684 si
1152 1621 1246 1685 abso-

60 1701 192 1786 lutus
213 1721 323 1802 fuero,
347 1741 477 1785 causam
501 1719 649 1784 dixisse?

188 1822 217 1889 h.
247 1822 336 1887 Fut.
364 1821 381 1885 l
410 1820 490 1887 oder
513 1822 547 1887 Il
581 1823 626 1886 im
659 1821 866 1906 Nebeusatz,
900 1822 1013 1911 Conj.
1044 1823 1173 1888 Praes.
1202 1824 1248 1888 im

58 1903 299 2011 Haupuatz.
343 1923 414 1988 Aus
436 1922 604 1987 Plautus
626 1923 743 2009 gehdrt
764 1923 908 1989 hierher:
932 1925 1031 1990 Poen.
1055 1926 1086 2008 3,
1108 1925 1141 2009 4,
1156 1925 1199 1989 20
1221 1927 1248 1990 si

57 2016 220 2091 exierit
241 2024 334 2108 leno,
363 2044 482 2088 censen
505 2024 668 2090 hominem
690 2025 911 2111 interrogem?
956 2027 1037 2091 Hier
1055 2028 1167 2092 wiirde
1190 2028 1248 2092 der

56 2104 287 2194 dubitative
325 2125 525 2211 Conjunctiv
557 2126 690 2208 stehen,
731 2127 814 2192 auch
848 2129 931 2194 ohne
962 2128 1246 2213 voraufgelrendes

55 2228 256 2295 Censen.
300 2226 471 2293 Jussivus:
505 2227 595 2291 Trin.
629 2228 691 2292 347
726 2229 809 2294 bene
843 2232 871 2293 si
905 2231 1008 2294 amico
1040 2229 1172 2312 feceris,
1204 2251 1246 2294 ne

55 2311 213 2403 Pigeat
233 2329 363 2395 fecisse.
392 2327 601 2394 Potentialis:
622 2329 688 2394 538
710 2331 814 2416 magis
839 2317 942 2419 apa'ge
960 2332 1062 2413 dicas,
1087 2332 1116 2394 si
1138 2332 1247 2395 omnia

54 2427 119 2480 ⁰⁸
165 2454 222 2497 me
250 2429 430 2496 audiveris.
473 2431 536 2495 Mit
565 2432 670 2496 ciuem
698 2431 891 2497 Potentialis
922 2434 973 2498 bei
1002 2432 1089 2496 Ter.
1112 2430 1245 2497 Phorm.

57 2508 153 2589 '117
187 2534 216 2599 ui
237 2530 342 2598 altera
364 2530 459 2596 illaec
480 2533 585 2617 magis
608 2533 755 2615 instabit,
779 2534 919 2599 forsitan
941 2556 1000 2598 nos
1023 2534 1146 2598 reiciat.
1183 2533 1246 2596 Mit

55 2614 207 2700 &inem
229 2634 324 2721 Oonj.
348 2633 593 2698 adhortativus:
618 2622 711 2716 Eun.¹
726 2635 787 2698 441
811 2637 838 2700 si
860 2635 991 2721 quando
1013 2634 1071 2700 illa
1093 2634 1181 2698 dicet
1204 2671 1242 2681 -

54 2732 323 2802 provocemus.
367 2734 431 2798 Mit
459 2736 563 2799 cinam
592 2734 686 2822 Oonj.
716 2735 872 2801 iusoivus:
904 2737 984 2802 Cic.
1013 2737 1090 2801 farn.
1113 2736 1144 2818 4,
1170 2736 1243 2819 1,2

56 2818 96 2883 ⁸5
131 2866 192 2887 s
212 2835 319 2918 voles,
347 2835 465 2899 adme
487 2838 608 2901 mittas.
639 2837 679 2917 Q.
702 2838 781 2902 Cic.
805 2849 869 2924 pet.
893 2859 979 2903 cons.
1009 2839 1044 2921 9,
1072 2839 1115 2903 35
1136 2840 1165 2902 si
1188 2839 1243 2924 qui

57 2918 152 2997 tibi
188 2961 224 3004 se
254 2958 394 3026 purgare
420 2936 522 3018 volet,
554 2938 641 3024 quod
676 2976 732 3024 -,
766 2940 909 3004 affirmes
937 2949 993 3003 ctt.
1033 2938 1242 3004 Potentialis:

58 3014 180 3106 Cic.
201 3040 273 3105 Ate.
296 3041 351 3119 11,
376 3040 471 3122 13,5
493 3040 522 3103 st
545 3040 622 3126 quid
646 3041 708 3105 eru
731 3078 770 3088 -
794 3040 910 3121 veum,
940 3050 977 3104 ut
1000 3040 1101 3124 sous,
1128 3041 1241 3105 factas.

58 3116 194 3231 conj,
221 3128 440 3208 dubitativus:
470 3140 510 3204 de
537 3163 604 3205 sen.
628 3144 657 3221 ξ.
680 3142 720 3206 67
751 3141 831 3228 quid
853 3141 955 3226 igitur
976 3143 1121 3222 timeam,
1151 3142 1179 3206 si
1204 3181 1241 3191 -

61 3214 215 3309 beatus
238 3242 338 3308 etiam
360 3241 490 3306 futurus
514 3243 609 3307 sum?

148 3342 151 3346 ’
186 3343 245 3410 Als
268 3343 423 3409 Jussivus
445 3343 527 3408 auch
550 3345 609 3407 dcr
631 3344 741 3429 Conj.
763 3343 868 3409 l'erl'.
891 3348 935 3409 im
950 3345 1098 3431 negirtcn
1115 3344 1242 3433 Haupt·

64 3444 189 3511 ⁸atz:
209 3468 278 3533 rep.
298 3447 313 3509 1
337 3448 367 3527 ξ.
382 3445 424 3509 32
440 3445 468 3509 si
482 3466 534 3508 me
548 3444 700 3522 audietis,
716 3443 818 3508 solem
839 3444 978 3510 alterum
993 3468 1034 3510 nc
1050 3448 1241 3511 metueritis.

72 3626 82 3641 .
185 3549 205 3615 i.
230 3546 306 3613 Wie
327 3545 412 3610 nahe
434 3548 492 3611 der
514 3547 801 3632 Bodingungssatz
824 3548 884 3610 mit
907 3547 980 3613 dem
1002 3547 1090 3613 Fut.
1113 3548 1130 3612 1
1153 3549 1240 3612 dem·

65 3647 231 3734 renigeri
253 3647 349 3732 steht,
371 3649 405 3713 in
428 3647 584 3713 welchcm
607 3649 666 3713 der
689 3647 799 3735 Oonj.
822 3650 956 3714 Praes.
980 3650 1032 3713 dic
1056 3651 1241 3738 subjective

73 3724 317 3833 Mssgliehkeit
345 3748 550 3833 bezeichnet,
580 3754 659 3836 geht
686 3772 745 3815 aus
769 3750 893 3815 Stellen
915 3750 1049 3830 hervor,
1072 3773 1121 3814 wo
1145 3749 1240 3813 beidc

75 3826 194 3915 Moci
212 3852 396 3937 promiscue
416 3852 599 3936 gebraucht
621 3851 703 3916 sind.
750 3853 792 3916 So
821 3853 912 3917 fiihrt
940 3853 1080 3918 Cicero
1109 3851 1149 3916 de
1172 3852 1239 3915 inv.

83 3933 166 4023 Ῑὲ·
185 3951 305 4019 92-95
319 3954 391 4017 cine
406 3952 525 4038 Menge
540 3953 704 4038 Beispicle
726 3975 784 4017 aus
808 3954 866 4018 dcr
887 3953 1107 4017 rhetorischen
1125 3952 1240 4016 Praxis

84 4051 133 4103 ¹²¹¹
174 4056 236 4120 und
263 4066 349 4122 setzt
370 4053 548 4140 allerdings
571 4057 605 4119 in
629 4056 666 4118 ll
692 4053 806 4118 Fstlen
830 4054 892 4118 don
915 4055 1011 4141 Conj.
1035 4054 1155 4131 Pracs,
1184 4076 1239 4117 na·

87 4152 253 4223 mensal,
276 4158 360 4222 nach
382 4162 419 4222 at
440 4158 469 4221 si
490 4160 546 4239 qui
568 4158 652 4239 „wic
674 4180 702 4219 z.
719 4154 757 4220 B.
774 4178 868 4221 wcnn
887 4155 1057 4242 jemand“,
1080 4154 1160 4219 aber
1175 4175 1240 4218 von

91 4238 121 4314 §-
147 4246 196 4317 94
213 4278 253 4323 nn
274 4269 381 4324 treten
404 4259 424 4323 8
447 4257 573 4322 Futura
595 4258 666 4336 auf,
695 4258 848 4322 meistens
877 4279 928 4339 so,
961 4257 1036 4321 dass
1064 4254 1163 4320 ihnen
1190 4254 1239 4319 als

96 4338 276 4425 Ausdruek
305 4361 359 4426 fiir
387 4362 460 4424 cine
487 4358 649 4445 generalla
672 4359 802 4424 Rubrik
829 4382 895 4422 nun
919 4357 976 4422 das
999 4355 1144 4422 einzelne
1166 4357 1240 4420 Bei-

100 4442 188 4525 ⁸Pissl
212 4462 269 4527 mit
296 4468 333 4529 ut
357 4466 387 4529 si
413 4463 480 4527 und
503 4461 577 4527 dem
600 4461 694 4552 Oonj.
724 4462 976 4546 untergeordnet
998 4459 1095 4539 wird,
1123 4479 1238 4544 ausge-
