2924 4994
569 346 800 410 -667-

203 515 232 580 7.
267 515 331 580 Mit
351 535 408 580 nec
428 513 513 579 uach
541 513 841 599 voraufgehendem
862 513 971 580 Final-
995 515 1074 580 oder
1096 515 1258 580 Wunsch·
1323 592 1329 605 s

92 619 206 682 satae
226 617 310 683 wird
333 639 395 681 nur
421 616 652 680 coordinirt
679 616 764 682 ohne
787 616 969 681 Riioksicht
991 618 1049 682 auf
1069 617 1128 682 das
1152 617 1258 682 Final·

86 718 321 786 verhaltniss.
358 720 440 784 Dies
457 717 596 803 beginnt
617 717 716 784 schon
733 718 785 782 bei
802 718 944 783 Cicero
966 718 1019 781 hie
1034 719 1100 782 und
1116 719 1159 784 da
1174 720 1257 784 nach

61 818 413 907 'voraufgehendem
439 825 486 899 ut,
513 818 618 885 selten
644 821 728 884 nach
750 841 790 885 nc
812 820 891 885 oder
919 822 992 884 dem
1020 821 1150 885 blossen
1173 820 1257 885 Con·

68 921 254 1005 junctis:
278 924 373 989 Verr.
392 923 412 987 3
433 926 463 1004 ξ.
482 923 542 987 115
564 945 660 1003 nunc,
683 933 720 986 ut
741 920 802 987 hoc
825 932 969 1009 tempore
991 945 1029 987 ea
1056 961 1090 970 -
1115 934 1257 1009 praeter·

70 1025 239 1091 mittam
266 1047 371 1113 neque
399 1046 453 1090 eos
482 1022 658 1112 appellem,
687 1046 707 1088 a
735 1023 864 1110 quibus.
908 1024 1003 1089 Eben
1034 1047 1083 1106 so,
1117 1024 1258 1089 nttmlich

65 1126 356 1207 parenthetisch
377 1128 411 1191 iu
434 1127 492 1192 der
507 1126 768 1191 Praeteritio:
794 1125 886 1193 Verr.
901 1128 923 1189 4
938 1131 968 1208 ξ.
985 1127 1027 1191 45
1048 1129 1114 1213 qui,
1137 1131 1172 1190 ul
1193 1148 1256 1192 nou

65 1230 279 1295 conferam
302 1230 404 1294 vitam
420 1249 518 1311 neque
539 1229 810 1293 existimationem
828 1238 918 1293 tuam
934 1249 1006 1292 cum
1021 1227 1109 1291 illius
1127 1267 1164 1275 -
1182 1251 1257 1292 con-

61 1331 239 1400 temnis.
281 1330 345 1415 leg.
368 1330 457 1395 Man.
484 1332 533 1413 15,
556 1331 599 1394 44
621 1331 740 1415 itaque,
762 1340 799 1394 ιιι
820 1329 915 1416 plura
936 1352 1001 1394 uon
1025 1330 1130 1394 dicam
1153 1352 1257 1417 neque

58 1425 248 1499 aliorum
272 1431 431 1520 exemplis
453 1431 640 1497 confirmem
657 1470 695 1480 -
712 1441 893 1496 sumantur.
932 1431 1040 1495 Ueber
1062 1430 1125 1495 den
1142 1432 1257 1497 Untcr·

56 1527 225 1600 schied
253 1535 363 1600 dieser
384 1534 482 1598 Form
508 1555 574 1598 von
600 1555 640 1598 ne
668 1535 786 1616 dirum,
814 1532 953 1596 welches
982 1531 1151 1616 bedeutet3
1178 1533 1257 1616 „ich

55 1629 180 1697 will
208 1636 299 1702 nicht
327 1658 368 1700 au
397 1635 463 1700 viel
490 1635 713 1722 behaupten“‚
741 1633 876 1698 handelt
899 1634 1048 1721 Seyffert,
1071 1634 1177 1700 Schol.
1201 1635 1256 1699 lat.

55 1725 100 1801 ἓ·
132 1734 212 1817 43,
226 1738 257 1803 2.
279 1775 322 1789 -
344 1737 506 1802 Uusieher
527 1738 571 1801 ist
594 1737 647 1802 die
669 1737 786 1802 Lesart
809 1760 840 1823 p.
863 1735 947 1801 Sest.
970 1741 1000 1818 ξ.
1025 1737 1066 1801 65
1089 1738 1198 1823 (jetzt:
1221 1747 1258 1801 ut

53 1841 198 1901 neve
218 1877 258 1888 ·-
279 1839 389 1925 neve).
425 1837 467 1903 Iu
488 1837 812 1907 Substantivsittzen:
835 1840 869 1901 in
892 1837 1012 1908 Caecil.
1036 1841 1064 1921 ξ.
1080 1839 1121 1902 52
1143 1838 1256 1904 suade-

54 1919 136 2035 bit
181 1941 242 2005 tihi
263 1951 301 2005 ut
323 1939 398 2005 hinc
420 1941 570 2006 discedas
592 1963 698 2028 neque
713 1978 754 1987 —
778 1940 985 2025 respondeas.
1024 1940 1116 2005 Verr.
1133 1942 1153 2003 2
1169 1945 1200 2022 ξ.
1215 1942 1255 2004 41

53 2021 133 2093 ῑῙῙῑ
180 2063 256 2106 eum
279 2043 574 2108 commonefaciunt
591 2055 628 2107 ut
645 2079 681 2090 -
698 2053 809 2107 utatur
831 2043 982 2107 instituto
1005 2065 1064 2108 suo
1080 2065 1140 2106 nec
1162 2053 1258 2126 cogat

55 2135 148 2200 ett·
207 2142 308 2210 deor.
328 2146 343 2207 1
363 2149 392 2227 ξ.
411 2146 450 2209 19
466 2147 695 2231 hortemurque
710 2146 818 2231 potius
835 2184 874 2192 -
890 2154 928 2208 ut
943 2146 1050 2208 animo
1070 2146 1116 2208 rei
1132 2147 1257 2229 magni-

55 2231 256 2309 tudinem
280 2246 540 2337 complectantur
563 2269 669 2332 neque
691 2285 732 2293 —
754 2247 930 2311 confidant.
975 2244 1256 2310 Handschriftlich

57 2339 197 2441 “Pell
218 2347 260 2410 de
281 2346 334 2410 off.
355 2350 370 2411 1
388 2352 415 2429 ξ.
432 2349 471 2413 91
495 2348 677 2413 cavendum
700 2360 750 2413 est
771 2370 869 2412 ue-
888 2369 947 2412 nec
972 2350 1069 2434 (jetat
1092 2346 1176 2412 nach
1192 2343 1256 2410 No·

56 2443 202 2512 ”¹⁰82
225 2452 331 2530 neve).
369 2450 390 2512 2
412 2453 441 2531 ξ.
463 2451 503 2515 73
527 2450 705 2515 videndum
729 2452 791 2514 erit
812 2489 854 2497 —
875 2460 912 2513 ut
935 2471 1029 2513 suum
1052 2449 1190 2535 quisque
1213 2458 1257 2512 te-

58 2545 182 2608 neat
214 2571 320 2637 neque
349 2589 386 2598 -
416 2551 482 2616 fiat.
512 2552 577 2616 ·Im
601 2552 786 2616 Finalsatz:
810 2552 986 2616 Plancus
1012 2573 1061 2636 ap.
1087 2550 1154 2615 Cic.
1179 2553 1256 2614 sam.

63 2622 134 2712 10,
164 2648 245 2736 8,3
266 2651 389 2717 multae
405 2654 573 2740 impensae
587 2636 670 2739 opus
686 2656 828 2735 fuerunt,
853 2664 888 2718 ut
906 2692 940 2700 —
960 2674 1074 2738 neque.
1112 2651 1256 2738 Doppel-

61 2733 131 2797 tess
179 2773 286 2836 neque
313 2754 388 2819 dem
416 2760 452 2820 ut
478 2756 747 2841 untergeordnet:
771 2754 845 2820 Cic.
869 2752 961 2839 Lael
981 2759 1010 2835 ξ.
1033 2755 1075 2817 40
1098 2755 1176 2817 haec
1203 2752 1257 2817 lex

64 2847 279 2921 muniatur
300 2865 337 2920 ιιι
358 2879 463 2943 neque
490 2878 641 2942 rogemus
665 2879 716 2922 res
740 2868 850 2943 turpes
873 2878 932 2919 uec
958 2856 1115 2919 faciamus
1139 2857 1278 2940 rogati„

66 2924 206 3020 Eheu
233 2979 270 3021 so
294 2959 346 3023 off.
372 2960 387 3021 1
412 2962 442 3040 ξ.
468 2959 528 3022 102
554 2960 761 3024 efficiendum
791 2968 841 3022 cst
869 2967 906 3020 ut
929 2996 964 3005 —
995 2979 1100 3043 neque
1126 2996 1157 3004 -
1185 2979 1254 3022 nec.

67 3025 178 3121 vgl.
210 3059 294 3124 oben
317 3059 373 3123 Νι.
396 3060 427 3123 2.

191 3159 255 3225 Bei
278 3160 400 3225 Caesar
421 3159 488 3225 und
505 3161 625 3227 Sallust
648 3161 738 3226 nicht
760 3161 935 3246 gesunden.
975 3161 1084 3246 Virg.
1106 3164 1188 3225 Aen.
1208 3165 1255 3243 11,

69 3227 125 3296 43
158 3271 215 3326 ne
239 3300 273 3310 -
302 3285 416 3349 neque.
462 3264 619 3347 Haufiger
648 3264 754 3328 haben
779 3264 833 3326 die
856 3263 992 3327 Dichter
1020 3263 1079 3326 das
1108 3263 1258 3327 einfache

70 3347 147 3406 ”⁶0
179 3358 230 3428 im
254 3364 461 3449 Hauptsutze
483 3362 541 3427 des
565 3364 760 3446 Wunsches,
786 3387 810 3426 s.
835 3368 863 3445 ξ.
891 3365 959 3443 149,
984 3366 1021 3444 Β,
1046 3365 1076 3428 b.

95 3533 106 3547 ,
189 3461 280 3529 Liv.
305 3467 332 3546 1,
347 3466 415 3549 2,4
436 3466 566 3529 Aeneas
592 3504 629 3512 -
652 3477 688 3530 ut
710 3467 834 3529 animos
858 3467 1074 3549 Aboriginum
1097 3467 1158 3530 sibi
1182 3489 1256 3531 con·

77 3535 236 3632 elliaret
258 3588 320 3631 nec
342 3605 380 3614 —
405 3577 529 3649 essent,
561 3567 697 3632 Latinos
720 3578 890 3654 utramque
912 3581 1043 3653 gentem
1065 3567 1254 3655 appellavit.
1285 3604 1291 3617 x

82 3635 114 3714 1²
144 3657 211 3749 43,
237 3671 288 3733 11.
312 3668 342 3749 2,
365 3667 417 3757 32,
444 3669 483 3733 10
505 3691 546 3733 ne
570 3708 608 3718 —
632 3691 692 3734 nec
716 3706 757 3716 -
780 3692 850 3734 nec.
888 3672 918 3751 3,
943 3672 1029 3753 21,6
1052 3672 1129 3734 dum
1153 3693 1193 3733 ne
1216 3709 1256 3718 -

83 3757 172 3820 ”⁹⁴²-
221 3771 261 3853 3,
283 3770 342 3851 52,
367 3771 401 3834 11
429 3771 463 3835 id
486 3770 583 3836 modo
610 3771 705 3835 simul
734 3781 827 3834 orant
849 3793 887 3835 ac
910 3781 1042 3836 monent
1064 3783 1101 3836 ut
1123 3809 1163 3818 -
1186 3793 1255 3834 nec.

89 3837 120 3919 4'
134 3855 179 3943 „4›
200 3873 240 3936 11
265 3893 323 3935 cur
345 3892 410 3936 uon
433 3874 567 3937 sancitis
590 3895 685 3936 ne-
708 3894 777 3938 nec.
814 3875 843 3950 5,
860 3874 890 3954 3,
908 3875 927 3936 8
950 3895 1043 3936 ne-
1061 3895 1121 3936 uec
1137 3872 1254 3957 (final).

94 3939 124 4020 5’
156 3961 215 4053 ll,
238 3973 260 4037 9
281 3974 393 4038 omnia
414 3973 502 4056 fieri,
532 3984 569 4038 ut
595 3984 808 4039 consenescat
834 3973 875 4038 ad
899 3974 997 4037 Veios
1021 3973 1172 4037 iuventus
1196 3995 1256 4037 uec

102 4038 143 4110 de
177 4074 268 4160 agris
296 4098 356 4140 nec
386 4076 427 4140 de
455 4074 529 4140 aliis
557 4078 734 4141 commodis
762 4076 849 4139 ferre
876 4076 917 4138 ad
948 4074 1104 4161 populum
1134 4075 1257 4139 tribuni

105 4163 257 4259 lmfflfint.⁸
294 4178 349 4261 10,
372 4177 424 4260 20,
446 4179 467 4242 4
490 4177 653 4265 extemplo
683 4176 825 4243 eundum
855 4178 888 4239 in
912 4178 1079 4242 Samnium
1103 4198 1189 4260 esse,
1219 4187 1256 4241 ut

10 4090 49 4383 h
113 4281 147 4298 “
174 4287 242 4344 nec.
285 4266 338 4357 24,
362 4281 392 4358 3,
417 4283 458 4343 14
479 4280 679 4366 persuadent
701 4290 737 4344 ut
757 4318 800 4328 —
822 4300 892 4343 nec.
935 4279 987 4360 26,
1011 4278 1063 4361 42,
1088 4279 1108 4341 2
1131 4279 1254 4364 pericu·

115 4345 182 4428 lum
202 4398 271 4443 esse
292 4391 383 4446 ratus
406 4403 447 4446 ne
470 4419 511 4430 -
534 4403 603 4445 nec.
639 4383 690 4460 27,
706 4384 758 4465 20,
779 4383 816 4446 12
839 4381 1049 4446 obtinuerunt
1071 4390 1108 4445 ut
1125 4419 1163 4428 —
1185 4403 1255 4447 nec.

122 4448 231 4561 lidi,
248 4482 287 4546 13
307 4484 447 4569 imperat
469 4494 506 4548 ut
527 4521 568 4530 -
590 4504 659 4548 nec.
697 4484 748 4563 39,
768 4482 853 4566 10,8
876 4483 1047 4548 obsecrare
1071 4493 1106 4546 ut
1124 4521 1159 4530 -
1184 4505 1258 4546 nee.
