2948 4988
548 222 773 289 ..764-

87 393 115 456 si
138 413 273 479 quorum
302 392 439 458 aliorum
469 392 585 455 merita
613 412 692 477 erga
718 391 876 480 populum
904 392 945 457 R.
968 402 1065 458 crant
1086 393 1121 458 in
1143 410 1232 458 sena·

87 504 156 559 tum
180 492 385 577 introductis.
402 534 442 545 —-
458 496 528 558 Ans
550 493 625 558 dam
640 493 882 560 Relativsatac:
905 494 958 576 24,
972 494 1026 575 40,
1040 496 1062 560 5
1077 505 1129 573 et,
1150 495 1234 584 quod

87 594 205 680 longae
227 618 328 660 naves
350 595 489 660 militum
512 616 629 683 capere
650 617 715 661 non
738 605 903 683 poterant,
931 597 964 662 in
986 596 1157 662 onerarias
1177 599 1233 661 irn-

87 699 203 785 positis
227 699 283 780 (=
305 697 345 761 iis
368 695 543 775 militibus,
567 695 671 783 quos).
735 764 741 775 ,

172 804 204 882 g.
227 799 299 863 582.
345 799 414 862 Der
440 797 690 864 aoristische
718 797 894 865 Gebrauch
929 799 986 866 des
1018 800 1232 866 absoluteu

87 901 208 965 Partic.
249 900 332 987 peri.
372 901 497 988 passivi
536 901 580 966 ist
612 923 670 965 aus
705 899 779 966 dem
815 900 948 987 Mangel
987 901 1079 967 eines
1114 900 1231 968 Partis.

87 1024 192 1090 praes.
225 1002 348 1089 passivi
382 1002 681 1088 hervorgegangeu.
743 1001 808 1067 Die
841 1001 1036 1090 Erklttrung
1068 1004 1149 1089 geht
1181 1026 1231 1069 am
1331 1053 1341 1088 ,

86 1102 323 1169 natlirlichsten
344 1125 410 1167 von
433 1104 506 1167 dem
530 1103 810 1190 entspreehenden
833 1104 1011 1170 Gebruueb
1032 1105 1093 1170 des
1116 1106 1230 1171 Partis.
1313 1173 1341 1189 ,

88 1207 344 1292 conjunctum
373 1228 448 1287 aus,
482 1205 552 1272 also
582 1228 610 1268 z.
634 1206 672 1274 B.
702 1205 788 1270 Liv.
815 1206 853 1288 2,
881 1207 981 1289 36,1
1011 1229 1146 1272 servum
1173 1206 1231 1272 sub
1299 1248 1341 1291 t

87 1309 180 1374 furca
213 1329 344 1371 caesum
383 1306 490 1372 medio
524 1319 635 1393 egerat
666 1309 753 1373 circo
790 1306 825 1394 (i.
860 1330 887 1372 e.
921 1309 978 1396 qui
1011 1308 1228 1393 caedebatur).
1285 1354 1341 1397 „

89 1410 249 1493 Cicero,
273 1408 331 1473 der
354 1407 498 1474 dieselbe
521 1408 716 1474 Geschichte
739 1408 882 1492 erzahlt,
905 1419 981 1495 sagt
1002 1408 1103 1476 dafttr
1123 1410 1190 1476 div.
1213 1412 1226 1474 l
1287 1428 1341 1494 Ι

87 1516 118 1594 ξ.
141 1512 318 1576 observas
342 1533 400 1597 per
422 1511 558 1594 circum,
585 1532 656 1577 arm
679 1513 781 1597 virgis
803 1511 1010 1595 caederetur,
1038 1513 1167 1578 furcam
1187 1512 1229 1577 fe·
1243 1553 1341 1589 -a

88 1635 161 1679 rens
185 1613 302 1679 ductus
326 1623 384 1677 est.
429 1613 518 1678 Aber
540 1612 773 1679 Macrobius
795 1613 992 1699 gebraucht,
1020 1614 1281 1702 11181ιίνί111Νι
1307 1654 1331 1711 ,ιθ

88 1714 146 1778 das
170 1714 331 1801 Particip:
354 1723 413 1779 sat
439 1717 466 1793 l,
486 1716 533 1795 11,
555 1715 576 1779 3
598 1737 728 1779 servum
751 1737 845 1780 suum
868 1714 1078 1780 verberatum
1100 1738 1158 1804 per
1172 1716 1269 1780 cir—
1294 1752 1325 1778 -.

88 1837 162 1880 cum
186 1817 261 1900 egit.
299 1815 393 1881 Eben
415 1839 452 1881 so
474 1816 560 1882 Liv.
581 1817 612 1896 5,
628 1816 714 1896 38,1
738 1818 841 1882 aciem
863 1816 1031 1881 diductam
1055 1817 1089 1881 in
1111 1839 1318 1895 coran

88 1918 144 2002 (=
166 1919 212 1982 ita
234 1928 271 1982 ut
293 1917 527 2005 diduceretur).
569 1922 595 1997 l,
611 1919 641 2000 9,
659 1920 677 1983 7
701 1928 737 1984 ut
758 1940 826 1983 rem
849 1917 969 1985 claram
993 1929 1225 2005 exspectatam-
1280 1968 1311 1991 ⁴.

89 2040 152 2106 que
174 2020 329 2086 facerent.
374 2018 537 2085 Dasaelbe
555 2020 607 2103 28,
624 2020 677 2104 27,
701 2021 730 2086 9.
767 2021 819 2106 30,
841 2020 894 2104 30,
920 2020 959 2086 19
981 2031 1114 2107 sperata
1133 2021 1307 2092 ricton.

89 2123 138 2186 ria
161 2122 216 2207 (=
238 2143 323 2210 quae
346 2124 520 2208 speratur).

173 2223 332 2310 Haufigcr
359 2226 401 2288 ist
428 2246 495 2287 nun
524 2224 587 2288 seit
613 2223 671 2288 der
700 2223 905 2289 klassischen
936 2224 1010 2289 Zeit
1036 2223 1097 2289 das
1118 2221 1294 2291 abst--

90 2324 174 2391 lute
200 2326 347 2412 Particip
373 2324 457 2390 ohne
484 2325 668 2390 R‘ucksicht
693 2326 754 2390 auf
780 2325 960 2411 Zeitfolge:
994 2324 1072 2391 cie
1100 2348 1132 2392 n.
1154 2323 1185 2388 d.
1275 2335 1284 2393 1

92 2431 123 2509 ξ.
149 2428 209 2492 116
231 2427 277 2490 (111
306 2450 401 2513 quam
432 2429 472 2492 ob
502 2450 569 2492 rem
602 2426 729 2492 colendi
757 2428 824 2493 siut
846 2451 911 2495 non
944 2426 1110 2514 inbelligo,
1143 2425 1279 2495 nullo

88 2552 149 2594 nec
163 2531 297 2616 accepto
312 2529 353 2594 ab
370 2530 410 2594 iis
425 2550 484 2595 nee
499 2535 623 2614 sperato
638 2528 723 2596 bono
740 2528 872 2616 („weun
887 2552 964 2595 man
979 2528 1088 2595 nichts
1102 2530 1143 2594 ho
1181 2530 1270 2615 re)

87 2633 191 2697 Lael.
215 2636 243 2713 ξ.
269 2631 310 2695 84
333 2652 371 2695 ea
400 2632 551 2716 (virtute)
583 2654 660 2698 vcro
688 2631 896 2716 neglecta-
922 2633 1069 2697 sentiunt
1093 2632 1128 2717 (i.
1150 2652 1177 2695 c.
1228 2635 1264 2696 si

89 2735 285 2820 negligunt).
324 2738 351 2815 ξ.
379 2734 438 2798 100
470 2733 559 2798 nulla
588 2736 731 2800 utilitate
758 2734 907 2823 quaesita
934 2734 1056 2820 („ohne
1083 2732 1253 2798 Vortheil

88 2859 130 2900 zu
153 2836 323 2917 sochen‘).
359 2839 388 2916 ξ.
415 2836 475 2898 102
502 2837 638 2902 caritate
666 2839 751 2901 enirn
768 2835 1072 2924 'benevolentiaque
1093 2833 1237 2901 sublata.

87 2940 158 3002 Att.
182 2940 212 3021 7,
236 2938 288 3021 21,
312 2937 332 3000 2
354 2948 390 3001 ut
413 2939 519 3002 statim
544 2940 672 3004 exirent
694 2939 775 3004 urbe
797 2938 921 3004 relicta.
968 2939 1083 3003 Caes.
1106 2936 1178 3020 bg.
1199 2935 1225 3010 4,

90 3040 129 3102 10
151 3042 185 3103 in
207 3039 316 3127 plures
339 3038 453 3103 defluit
468 3050 575 3124 partes
599 3039 709 3106 multis
733 3041 986 3127 ingentibusque
1001 3038 1117 3104 insulis
1137 3037 1219 3101 effee-

87 3144 128 3206 tis
152 3142 298 3227 („indem
323 3164 358 3206 er
381 3140 490 3206 Inselu
512 3140 664 3225 bildet“).
709 3144 745 3223 5,
768 3143 810 3208 28
838 3143 949 3207 multis
975 3141 1061 3207 ultro
1091 3138 1208 3205 vulneri·

88 3244 149 3309 bus
178 3243 286 3309 illatis.
331 3246 367 3326 5,
399 3246 434 3307 11
472 3265 512 3307 ne
544 3245 711 3310 nocturnis
739 3245 872 3331 quidem
901 3245 1101 3332 temporibus
1130 3243 1207 3305 iuter·

87 3345 205 3409 missis.
236 3346 301 3427 7,9
323 3369 427 3432 neque
450 3347 566 3410 diurno
588 3369 693 3434 neque
715 3357 872 3413 nocturno
895 3347 1014 3411 itinere
1036 3344 1202 3412 intermisso.

87 3450 117 3529 o',
144 3449 182 3512 14
205 3458 303 3535 atque
325 3448 386 3512 hoc
410 3449 548 3512 maxime
574 3449 616 3512 ad
640 3450 793 3514 virtutem
820 3449 958 3514 excitari
980 3457 1113 3535 putant,
1138 3450 1200 3508 melu

87 3551 200 3615 mortis
224 3549 370 3634 neglecto
394 3551 429 3633 (i.
453 3573 479 3613 c.
503 3551 590 3635 quod
612 3549 806 3636 negligant).
845 3553 873 3633 7,
896 3551 938 3616 68
961 3563 1107 3632 secutus,
1126 3562 1198 3633 quan·

86 3665 155 3717 tum
179 3653 244 3716 dici
269 3663 395 3739 tempus
419 3663 467 3714 est
484 3674 628 3736 passum,
652 3653 781 3719 circiter
804 3654 910 3718 tribus
933 3653 1068 3718 milibus
1087 3646 1197 3715 hostin!ll

87 3753 277 3821 interfectis.
322 3754 402 3817 Dies
433 3752 600 3819 bedeutet:
637 3755 688 3819 bei
718 3756 776 3819 der
803 3753 1008 3840 Verfolgung
1042 3755 1150 3820 kameu
1173 3765 1197 3807 ⁸⁰

87 3855 171 3919 viele
194 3879 257 3920 um.
303 3857 332 3938 7,
357 3856 397 3920 73
420 3854 596 3920 deminutis
620 3861 739 3923 uostris
768 3859 870 3946 copiis
899 3857 1041 3942 („wobei
1069 3859 1123 3921 wir
1142 3849 1196 3914 Ver·

88 3956 171 4023 luste
195 3956 369 4040 erlittcn‘).
407 3957 502 4022 Sall.
527 3959 708 4042 Jug.13,5
731 3962 866 4044 patratis
889 3958 1035 4025 consiliis
1058 3966 1197 4045 postqum

87 4061 190 4123 onmis
215 4059 386 4123 Numidiae
411 4059 595 4143 potiebatur
618 4059 818 4144 („rladurch,
849 4061 924 4124 (lass
954 4084 990 4125 er
1018 4063 1103 4126 scine
1124 4054 1197 4122 Plane

87 4160 348 4246 ‹lurchfiihrte“).
395 4161 485 4227 Hor.
510 4172 569 4225 sat.
590 4163 620 4244 2,
635 4163 666 4240 4,
690 4163 730 4226 82
752 4161 909 4246 neglectis
933 4163 1090 4247 flagitium
1111 4161 1197 4240 ingens

86 4265 141 4347 (=
165 4265 193 4327 si
216 4284 254 4326 ca
276 4262 448 4348 negligas).
991 4302 995 4311 ·
1070 4338 1078 4349 ⁸

169 4366 254 4429 Liv.
275 4368 303 4447 l,
327 4366 380 4447 34,
403 4367 423 4428 2
445 4367 581 4431 moritur
602 4389 705 4431 uxore
727 4367 867 4450 gravida
883 4368 1006 4433 relicta.
1039 4359 1197 4454 (Vgl.ob011
