2924 4994
610 255 836 320 ..240-

240 422 369 490 Gcascrc
396 429 447 488 ut:
484 422 612 488 Plaut.
635 423 736 488 Mere.
758 424 822 488 483
852 447 915 510 quo
944 423 1008 489 leto
1038 446 1151 489 censos
1181 446 1233 489 me
1260 436 1297 490 ut

151 548 281 612 peream
298 525 540 612 potissumum?
564 525 641 590 cie.
658 525 716 590 Pb.
733 527 765 608 3,
790 527 830 591 15
852 526 893 590 de
916 548 955 592 ca
976 549 1011 591 re
1032 529 1080 593 aa
1103 549 1233 608 censeo,
1248 528 1296 591 uti

152 664 192 674 —
216 625 295 692 dent
310 648 441 713 operam
458 626 507 691 uti
522 636 654 691 senatus
671 626 748 690 Kal.
761 626 783 692 J
785 629 927 691 anuariis
952 638 1021 693 tuto
1044 626 1159 692 baberi
1181 629 1296 715 possit.

151 729 247 794 Eben
276 751 311 793 so
336 729 366 810 8,
393 728 443 811 11,
465 728 517 809 33,
545 749 596 792 wo
624 728 683 792 auf
707 730 755 793 ita
782 749 885 794 crasco
915 738 1025 794 zuerst
1050 751 1103 813 110,
1132 730 1221 794 daun
1249 731 1297 794 uti

151 827 245 914 folgt,
268 828 413 894 endlich:
445 838 593 893 senatum
616 828 888 894 existimaturum.
934 831 1031 895 Sonst
1047 829 1173 916 jedoch
1194 828 1295 895 heisst

151 930 210 995 das
233 929 331 995 Wort
359 931 411 995 bei
440 930 555 995 Cicero
582 930 665 1011 „der
692 930 833 996 Ansicht
862 932 955 996 sein“
983 931 1051 995 und
1079 933 1205 1017 regiert
1231 930 1292 996 den

152 1035 270 1100 Aecus.
294 1055 321 1099 e.
344 1032 405 1097 inf.
429 1030 486 1095 des
509 1031 767 1116 Gerundivums,
798 1034 858 1097 wie
891 1034 974 1097 auch
1004 1033 1057 1097 bei
1083 1033 1201 1098 Livius
1229 1031 1293 1095 und

150 1132 303 1199 anderen.
337 1133 482 1198 Weitere
499 1130 622 1197 Stellen
644 1137 704 1200 mit
724 1139 777 1199 ut:
807 1133 918 1198 Caes.
936 1136 967 1199 b.
981 1156 1014 1218 g.
1033 1137 1061 1217 1,
1075 1134 1119 1199 35
1141 1133 1291 1221 quoniam

152 1245 283 1300 senatus
306 1236 488 1300 censuisset
509 1234 558 1298 uti
582 1273 619 1282 -
644 1234 843 1300 defenderet.
882 1235 912 1320 6,
930 1235 973 1299 40
994 1244 1030 1300 ut
1052 1233 1204 1300 celeriter
1225 1256 1291 1321 pcr-

151 1347 319 1422 rumpant,
342 1344 484 1403 censent.
522 1335 553 1400 b.
578 1357 604 1399 e.
630 1338 658 1413 1,
682 1337 702 1400 2
725 1337 880 1401 censebat
901 1345 938 1401 ut
959 1337 1135 1424 Pompeius
1161 1320 1292 1403 insuar

152 1439 338 1524 provincias
353 1441 545 1502 mitteretur.
583 1440 610 1516 1,
626 1438 666 1500 67
687 1436 834 1524 plerique
857 1438 1034 1503 censebant
1055 1448 1092 1503 ut
1113 1447 1214 1504 noctu
1235 1439 1293 1502 iter

152 1541 308 1608 iacerent.
351 1538 532 1604 Aehnliehe
555 1538 750 1624 Bedeutung
773 1539 828 1604 hat
851 1538 909 1603 das
933 1539 1185 1625 unpersitnliche

238 1642 347 1708 Placet
368 1663 466 1723 „man
488 1639 713 1722 bescbliesst“,
736 1639 820 1717 doch
843 1641 931 1706 steht
953 1662 988 1704 es
1010 1643 1070 1705 mit
1091 1645 1126 1706 111
1146 1649 1216 1707 erst
1237 1640 1294 1704 seit

153 1743 309 1809 Cicero:
332 1741 417 1807 Phil.
436 1742 484 1818 14,
506 1743 553 1822 14,
577 1741 618 1806 38
642 1741 769 1806 senatui
793 1741 921 1827 placere
943 1751 980 1806 ut
1007 1780 1042 1791 —
1065 1750 1190 1807 curent.
1229 1763 1295 1826 rep.

155 1846 183 1927 1,
203 1844 242 1908 12
264 1843 417 1930 placitum
442 1852 491 1907 est
513 1852 548 1907 ut
570 1845 604 1907 in
625 1842 737 1928 aprico
760 1844 901 1907 maxime
923 1843 1043 1928 pratuli
1065 1842 1137 1908 loco
1159 1879 1197 1889 -
1221 1864 1296 1907 con·

153 1944 307 2011 siderent.
346 1944 387 2007 de
410 1966 455 2008 or.
482 1946 508 2026 1,
530 1944 572 2009 34
594 1953 707 2030 postea
729 1943 808 2008 mibi
830 1943 955 2030 placuit
978 1983 1016 1991 -
1039 1955 1076 2009 ut
1098 1965 1296 2009 summorum

154 2056 319 2111 oratorum
332 2046 477 2111 Graecas
497 2045 659 2110 orationes
681 2046 888 2132 explicarem.
912 2046 987 2111 fam.
1007 2046 1034 2127 1,
1050 2045 1115 2128 2,1
1136 2043 1298 2132 postridie

154 2148 278 2236 placuit
306 2157 343 2213 ut
372 2145 516 2212 breviter
544 2147 721 2211 sententies
750 2146 941 2212 diceremus.
987 2148 1016 2229 1,
1039 2147 1070 2226 7,
1098 2146 1118 2210 6
1148 2144 1299 2234 placebat

152 2251 233 2315 illud
256 2260 292 2315 ut
314 2287 354 2297 —
376 2248 563 2312 adiuvares.
609 2246 772 2312 Caelius
796 2270 848 2334 ap.
865 2247 932 2313 cic.
954 2248 1029 2311 farn.
1046 2247 1076 2330 8,
1099 2248 1130 2327 4,
1153 2247 1175 2311 4
1195 2246 1297 2334 placi·

153 2362 221 2418 turn
251 2361 300 2416 est
328 2359 364 2414 ut
390 2371 486 2436 quarn
514 2351 655 2435 primum
676 2350 719 2415 ad
742 2350 856 2415 urbem
878 2357 1097 2414 reverteretur
1118 2347 1180 2413 Cn.
1203 2347 1297 2414 Pom·

153 2454 258 2539 peius.
293 2451 654 2533 Β1111111111.11,1,2
675 2450 831 2536 placitum
855 2460 905 2516 est
927 2449 1004 2515 mibi
1026 2459 1063 2514 ut
1086 2449 1297 2536 postularem.

154 2553 259 2638 (Aber
286 2553 361 2635 §.c
395 2553 454 2616 mit
490 2551 631 2617 blossem
659 2552 770 2638 Infin.)
820 2552 1031 2636 Pompeius
1058 2574 1109 2637 ap.
1134 2552 1205 2617 Cic.
1228 2553 1298 2617 Att

153 2656 240 2735 8,12
262 2655 322 2719 A4
343 2653 499 2739 placitum
523 2662 572 2718 est
594 2654 729 2717 1111111-
751 2662 788 2716 ut
803 2651 1015 2717 Brundisium
1038 2652 1190 2718 ducerem
1214 2652 1298 2718 hauc

153 2758 290 2844 copiam.
320 2792 358 2802 -
390 2755 540 2820 Cornif.
564 2756 605 2819 ad
628 2754 707 2822 Her.
731 2753 760 2833 2,
787 2757 814 2838 1,
840 2757 855 2817 1
879 2755 926 2818 ita
947 2754 1042 2819 nobis
1066 2753 1225 2840 placitum
1248 2767 1299 2819 cst

152 2870 309 2925 111011-
335 2856 622 2922 conscriberemus,
647 2892 684 2902 -
710 2854 818 2920 Caes.
843 2855 873 2919 b.
890 2878 920 2939 g.
948 2856 975 2932 1,
1000 2855 1042 2920 34
1063 2855 1189 2942 placuit
1211 2857 1241 2920 ei
1263 2865 1300 2921 ut

153 2961 194 3025 ad
222 2959 424 3024 Ariovistum
447 2956 571 3042 legatos
596 2957 747 3023 mitteret.
781 2956 895 3022 Oefter
910 2955 1000 3021 nicht
1017 2955 1069 3021 bei
1084 2957 1161 3021 ihm.
1199 2956 1300 3022 Fchlt

154 3063 206 3128 bei
230 3058 361 3128 Sallust.
404 3059 548 3124 Livius
571 3060 627 3123 hat
650 3079 683 3122 es
706 3057 790 3123 wohl
812 3081 874 3122 nur
902 3059 966 3122 eiu
988 3056 1086 3122 Mal:
1126 3059 1178 3141 10,
1202 3060 1256 3142 21,
1279 3060 1298 3123 7

153 3165 263 3249 itaque
285 3161 410 3249 placuit
431 3170 467 3225 ut
490 3159 574 3225 duae
596 3159 742 3225 coloniae
764 3198 800 3207 —
828 3159 1077 3224 deducerentur.
1124 3160 1300 3247 (Dagegen

154 3267 240 3331 iliter
263 3265 322 3328 mit
344 3262 418 3327 dem
440 3264 558 3327 Aecus.
583 3284 610 3326 c.
633 3262 709 3343 inf.)

110 3414 112 3419 -
238 3367 328 3431 Tac.
340 3387 413 3429 ann.
430 3367 457 3445 1,
473 3364 514 3429 36
530 3363 684 3450 placitum
701 3373 737 3426 ut
752 3361 909 3449 epistolae
924 3362 1155 3429 scriberentur.
1180 3364 1299 3449 Apul.

153 3470 273 3550 111019,
288 3467 328 3530 41
352 3466 477 3551 placuit
498 3476 535 3531 ut
556 3467 627 3551 ipse
643 3487 677 3528 sc
692 3463 916 3530 absconderet.
951 3463 1042 3529 Aber
1057 3465 1091 3529 in
1107 3465 1301 3531 demsclben

153 3569 288 3656 Kapitel
310 3565 407 3652 solgt:
436 3565 679 3652 magistratibus
702 3565 826 3651 placuit
849 3603 888 3613 -—
911 3567 1075 3651 detegere.
1120 3567 1299 3653 Capitol.

154 3675 232 3739 Ant.
248 3669 334 3735 Phil.
353 3672 401 3734 14.
439 3669 502 3734 Mit
523 3690 562 3734 ac
585 3667 666 3733 zwei
682 3666 749 3732 Mal
772 3666 826 3731 bei
842 3668 967 3754 Eutrop
987 3670 1014 3747 1,
1031 3668 1061 3732 9.
1135 3669 1302 3737 Infinitiv-

153 3773 416 3838 construetionen
439 3771 592 3836 kommen
616 3769 714 3835 sebon
737 3770 799 3833 scit
823 3769 934 3833 Cicero
956 3791 1030 3847 vor,
1062 3771 1120 3834 der
1146 3771 1302 3838 addam.

153 3876 249 3957 6,12,
266 3875 286 3938 3
309 3874 371 3937 den
387 3875 463 3938 Acc.
483 3895 509 3940 c.
526 3871 585 3940 inf.
602 3871 668 3952 bat,
691 3871 757 3934 und
781 3870 909 3935 werden
926 3872 989 3936 seit
1003 3871 1122 3936 Livius
1137 3871 1302 3958 bttufiger.

238 3973 413 4040 Deccrrrcre
427 3979 462 4038 111
482 3975 526 4038 ist
548 3972 636 4038 nicht
659 3973 769 4056 haufig
786 3973 886 4054 citirt,
908 3994 975 4036 war
991 3972 1071 4037 aber
1085 3973 1208 4057 gewiss
1224 3974 1304 4040 sehr

154 4080 198 4143 irn
221 4076 411 4142 Gebrauch:
451 4075 529 4140 Cic.
554 4097 584 4160 p.
608 4073 704 4138 domo
727 4075 779 4157 28,
804 4074 844 4139 73
873 4073 1019 4138 decrevit
1048 4085 1086 4139 ut
1116 4097 1231 4141 omues
1260 4115 1299 4127 -

152 4179 195 4242 ad
217 4200 268 4241 me
289 4199 389 4241 unum
414 4174 654 4240 defendendum
675 4176 829 4241 venirent.
866 4174 965 4239 Tusc.
980 4176 1010 4258 3,
1025 4175 1066 4239 27
1083 4175 1136 4239 hic
1151 4176 1305 4245 decernit

152 4290 189 4345 ut
211 4279 310 4343 miser
332 4278 383 4342 sit.
421 4281 489 4344 Au.
507 4280 537 4360 7,
557 4278 641 4359 15,2
664 4278 704 4342 de
727 4299 791 4364 quo
813 4277 1005 4343 nominatim
1027 4287 1160 4343 senatus
1187 4278 1302 4346 decre-

154 4381 203 4447 vit
225 4391 262 4444 ut
284 4380 391 4446 statim
416 4380 448 4444 in
473 4379 616 4445 Siciliam
644 4381 714 4445 iret.
753 4379 830 4443 fam.
857 4383 885 4464 1,
911 4383 939 4461 1,
962 4380 983 4444 3
1006 4379 1067 4446 tibi
1090 4379 1243 4447 decernit
1266 4394 1305 4453 ut
