2948 4988
587 383 816 448 -483-

142 553 252 640 [uibus
281 553 435 640 pecunias
462 555 656 642 imperasset
683 575 788 640 neque
810 553 1039 636 contulissent,
1070 576 1105 618 se
1134 554 1273 620 adirent.

142 656 240 723 aaut.
263 656 295 739 5,
320 656 349 739 1,
373 655 412 720 13
434 676 531 734 sanae
554 666 689 738 mentes,
713 655 831 742 quibus
855 656 976 720 veritae
999 653 1125 742 placeat
1140 666 1274 722 etmon-

146 766 272 822 tratum
293 758 357 822 iter
379 768 412 821 et
432 757 567 822 videant
595 768 627 822 et
648 766 834 843 aequantur.
879 756 1041 821 Unsicher
1064 757 1116 821 bei
1139 757 1223 825 Lir.
1247 758 1275 834 7,

142 860 187 942 23,
212 858 234 923 9
256 859 376 946 quibua
399 870 456 924 aut
477 880 614 944 corpora
636 858 795 923 transfixa
815 869 926 923 aut-
948 858 1106 943 gerebant
1128 867 1229 924 scuta.

217 960 249 1024 h.
278 963 348 1024 Aua
380 960 452 1024 <lem
481 962 599 1025 Accua.
629 959 687 1024 dar
716 960 832 1024 Dativ:
867 959 922 1024 Pl.
951 959 1071 1046 Amph.
1101 959 1165 1025 425
1199 981 1273 1024 nam

142 1061 220 1149 [uod
245 1072 373 1145 egomet
393 1059 481 1126 aolus
504 1062 568 1126 feci
590 1083 650 1125 nec
672 1062 845 1148 quisquam
866 1059 949 1124 aliua
966 1060 1083 1125 adfuit.
1120 1062 1197 1127 Cic.
1220 1061 1274 1127 off.

142 1168 157 1247 l,
183 1164 215 1245 7,
240 1161 282 1227 23
305 1162 399 1227 huius
423 1164 553 1249 tyranni
571 1199 612 1210 -
628 1184 723 1249 quem
746 1163 844 1226 armis
861 1184 1017 1249 oppressa
1039 1161 1172 1246 pertulit
1195 1163 1274 1227 civi·
1373 1181 1377 1188 ·

142 1287 182 1329 aa
207 1273 367 1351 paretque
390 1286 463 1328 cnm
488 1302 525 1311 —
550 1263 692 1329 maxime
714 1275 850 1329 mortuo.

216 1367 240 1433 i.
264 1365 335 1429 Aue
359 1367 432 1430 dem
448 1365 578 1430 Nomin.
602 1364 660 1430 der
674 1364 827 1429 Ablativ:
852 1365 1022 1452 Capitol.
1046 1363 1133 1430 Pert.
1159 1367 1176 1429 7
1200 1387 1274 1451 pro-

142 1469 242 1532 'eaeua
266 1476 316 1531 eat
337 1464 490 1532 nullius
483 1490 517 1532 ae
540 1466 702 1532 aditurum
726 1466 957 1548 hereditatem,
980 1487 1062 1552 qnae
1084 1476 1143 1530 aut
1165 1464 1275 1530 adula-

141 1569 222 1632 ione
238 1567 374 1632 alicuius
389 1566 499 1633 delata
514 1579 655 1633 esset-
671 1578 729 1633 aut
743 1567 882 1652 legitimi
903 1566 1039 1632 heredes
1055 1568 1272 1654 privarentur.

220 1669 257 1735 k.
279 1670 351 1734 Aua
380 1651 454 1733 dem
483 1669 577 1735 Nom
607 1669 667 1735 der
689 1670 774 1736 Gen.
803 1669 896 1756 (oder
919 1668 1024 1752 Datz)
1059 1667 1145 1733 Ter.
1168 1666 1273 1732 Andr.

142 1770 171 1835 l6
196 1772 253 1858 qui
276 1769 482 1837 conflictatur
503 1792 608 1858 neque
630 1781 851 1836 commovetur
872 1770 1010 1835 animus

216 1872 249 1935 2.
283 1871 352 1936 Der
384 1871 631 1958 Uebergang
663 1894 748 1937 vom
781 1871 944 1936 Relativ
983 1893 1069 1935 zum
1102 1870 1274 1936 Demon-

142 1974 284 2038 ttrativ
315 1974 368 2038 bei
395 1972 640 2059 ungleicher
663 1974 851 2064 Casusform
881 1973 999 2058 (selten
1028 1973 1081 2037 bei
1107 1971 1275 2065 gleicher),

142 2074 191 2138 ler
213 2074 282 2139 sich
305 2074 389 2140 anch
412 2076 456 2140 im
479 2074 716 2141 Griechischen
739 2075 805 2139 und
829 2073 1067 2141 Altdeutscheu
1091 2073 1207 2156 findet,
1231 2075 1275 2138 ist

142 2173 294 2240 ebenfalla
322 2174 421 2240 echon
451 2179 514 2241 aeit
541 2176 676 2242 Plautus
711 2176 906 2241 beobachtet
932 2178 1074 2245 worden.
1124 2177 1212 2241 Daae
1241 2197 1275 2240 er

142 2275 223 2340 nicht
248 2277 460 2363 nothwendig
487 2279 547 2361 ist,
585 2280 673 2364 zeigt
698 2278 755 2344 Νι.
787 2281 802 2342 l
832 2280 876 2342 im
903 2277 1045 2363 Anfang.
1096 2277 1150 2341 Pl.
1179 2277 1273 2365 Capt.

142 2375 196 2440 552
217 2377 398 2464 quibus-
432 2379 529 2445 saluti
557 2378 620 2446 luit
648 2389 746 2466 atque
772 2381 800 2443 is
828 2379 959 2467 profuit
1004 2379 1088 2444 Ter.
1117 2378 1182 2444 Ad.
1210 2379 1274 2444 306

142 2498 300 2581 quem—
328 2502 433 2568 neque
462 2480 565 2547 illum.
611 2480 690 2546 Cic.
719 2479 803 2546 Phil.
829 2483 863 2564 1,
889 2480 945 2563 10,
967 2479 1010 2544 24
1039 2501 1092 2545 cas
1121 2479 1209 2564 leges
1234 2519 1272 2528 -

142 2554 251 2660 quibus
274 2579 350 2659 latia
372 2581 578 2666 gloriabatur
601 2584 712 2669 eisquc
734 2581 862 2667 legibus
884 2604 985 2698 remp.
1002 2582 1159 2647 contineri
1182 2592 1274 2681 puta

142 2676 202 2744 bat.
244 2682 342 2746 Tusc.
371 2685 407 2766 5,
437 2684 473 2767 3,
502 2684 707 2769 8qnem-
739 2683 848 2747 ferunt
878 2684 1006 2800 veniaee
1036 2705 1174 2800 eumque
1201 2706 1273 2777 cum

142 2989 252 3073 qui
274 3009 335 3052 nec
362 2999 457 3053 extra
483 2987 597 3053 urbem
625 2989 709 3052 hanc
731 2938 884 3051 vixerant
909 3009 970 3052 nec
992 3011 1047 3053 eos
987 2934 1178 3074 ‘aliqua
1200 2988 1272 3081 bar·

142 3088 250 3152 lunae
268 3089 450 3154 domestica
476 3089 710 3154 infuscaverat.
756 3100 835 3154 orat.
858 3091 879 3153 2
885 3089 1153 3178 ,llapecies—
1170 3112 1272 3191 quam

142 3189 312 3255 ¹tuena1n
327 3211 431 3277 eaque
446 3190 585 3256 defixus
620 3193 710 3257 acad.
730 3194 757 3270 1,
774 3193 805 3273 7,
821 3190 864 3254 29
878 3212 974 3276 quam
991 3173 1273 3256 vim—eandem-

142 3300 210 3354 le.
236 3289 290 3354 fin
314 3291 345 3375 2,
369 3293 399 3371 2,
421 3293 607 3379 5quo(=
629 3293 669 3357 ad
693 3293 794 3379 quod)
816 3293 925 3356 omnia
946 3293 1147 3356 reserrentur
1168 3315 1273 3380 neque

181 3389 297 3476 ipsum
319 3415 458 3480 unquam
481 3385 657 3458 referretur
679 3393 801 3478 („ohne
824 3395 901 3458 dass
925 3415 958 3457 es
983 3393 1108 3460 selbst“
1111 3393 1154 3479 l·
1170 3393 1273 3478 offla,

177 3491 227 3556 12
248 3515 332 3580 quae
354 3516 414 3559 nec
436 3494 687 3560 haberemus—
703 3517 763 3559 nec
785 3494 885 3559 his
860 3517 930 3559 erno
954 3495 1118 3560 hominum
1136 3486 1273 3560 admini-

142 3595 288 3660 ratione
310 3605 484 3662 uteremur
514 3595 545 3680 2,
569 3597 600 3680 5,
626 3597 665 3662 18
688 3619 824 3683 quorum
846 3596 1022 3660 studiia-
1050 3619 1107 3682 per
1129 3595 1272 3662 eosdem-

142 3702 210 3760 [Ε.
256 3701 310 3782 11,
331 3698 375 3762 40
397 3719 558 3785 quem—
581 3646 848 3784 ierocitatemque
877 3698 956 3762 eiua.
1002 3697 1273 3780 Att.10,16,3

142 3789 187 3855 li
210 3797 352 3865 Siciliam
368 3808 478 3864 tencre
494 3798 582 3864 nullo
598 3822 680 3885 nego
682 3802 726 3865 tio
742 3801 850 3890 potuit
865 3811 906 3879 ct,
929 3801 956 3864 si
974 3799 1137 3877 tenuisset,
1162 3819 1273 3862 omncs

142 3899 212 3963 >ni
232 3899 273 3965 ad
297 3923 370 3966 eum
393 3923 428 3965 ae
451 3901 672 3967 contulissent.
718 3903 809 3983 Aber
832 3899 930 3965 dahin
952 3900 1068 3984 gehort
1089 3897 1271 3993 nichtzlfin.

185 3999 219 4084 1,
239 4003 259 4068 3
281 4025 378 4090 quern
393 4004 458 4066 acis
473 4025 569 4088 quam
586 4002 729 4067 admirer
743 4024 904 4089 quamque
920 4024 958 4066 eo
974 3999 1125 4065 delecter.
1157 3999 1272 4063 Hierin

142 4099 211 4166 md
230 4105 312 4171 awei
333 4104 494 4169 indirecte
516 4105 715 4188 Fragesatzo
738 4104 925 4169 coordinirt.

220 4205 313 4272 Fehlt
334 4206 389 4272 bei
411 4205 533 4271 Caesar
557 4205 624 4268 und
647 4203 779 4270 Sallust.

218 4305 362 4373 Livius
385 4308 442 4373 hat
463 4329 526 4371 nur
546 4309 597 4370 cin
614 4329 690 4392 paar
707 4307 843 4372 Stellen:
867 4308 918 4389 23,
936 4307 966 4389 8,
982 4306 1002 4369 3
1023 4327 1043 4367 a
1058 4304 1152 4367 Decii
1167 4302 1271 4389 Magii

142 4394 251 4491 ltlcre,
279 4432 353 4474 cum
383 4431 446 4496 quo
472 4447 507 4455 -
533 4409 690 4471 adversus
718 4409 875 4472 Punicum
904 4407 1019 4473 foedus
1049 4414 1184 4470 steterat
1212 4420 1272 4471 nec

147 4513 213 4570 cum
233 4510 392 4599 -patria
417 4511 570 4576 maiestas
594 4511 756 4577 sententia
778 4509 956 4595 depulerat.
989 4509 1079 4577 Aber
1101 4506 1170 4575 hier
1192 4529 1272 4578 wer*
