2948 4988
228 252 239 288 l

558 327 705 392 -625
751 364 786 372 *-

138 506 187 562 nt.
235 497 285 579 18,
312 499 366 578 ll,
389 498 418 561 4.
448 497 500 580 25,
527 497 555 580 1,
578 497 607 562 3.
651 496 759 562 Suet.
783 494 891 560 Galba
916 494 955 558 14
976 492 1194 583 negligentior
1217 516 1248 581 q.

136 600 295 663 inveniret
316 601 464 686 principi.

475 779 510 848 2.
538 764 884 866 Propoetionulsdtze.

190 911 222 988 ξ.
237 907 310 971 521.
335 907 398 971 Die
420 905 685 993 proportionalen
701 904 908 970 Modalsiitze
928 906 1058 970 werden
1081 904 1178 972 theils
1194 908 1254 971 mit

136 1015 156 1090 ²,
186 1006 284 1072 theils
312 1008 372 1071 mit
400 1009 505 1072 einem
529 1006 840 1094 Relativproncmen
869 1006 1025 1092 gebildet.
1070 1008 1134 1072 Die
1157 1008 1253 1073 Sitne

136 1109 165 1174 it
185 1115 223 1175 11
244 1109 351 1174 haben
375 1111 446 1174 eine
469 1108 639 1174 vierleoho
661 1109 768 1174 Form.

194 1214 224 1276 l.
263 1211 306 1279 Ut
327 1214 456 1293 qumque
479 1213 557 1295 (‚,in
579 1211 653 1276 dem
675 1211 803 1276 Maasse
825 1212 888 1277 wie
906 1212 1047 1299 jeder“)
1076 1213 1159 1278 wird
1187 1225 1254 1279 1111

154 1313 215 1377 der
229 1312 435 1378 klassiechcn
452 1313 527 1378 Zeit
541 1313 820 1398 gebrauchlicher,
844 1314 928 1379 doch
947 1324 1022 1400 eagt
1037 1315 1136 1380 sehon
1154 1315 1251 1381 (lato

155 1438 182 1478 r.
209 1416 267 1480 131
298 1416 345 1479 uti
375 1437 521 1502 quaeque
550 1417 750 1500 gravissima
776 1426 875 1502 atque
904 1417 1122 1503 aquosissima
1149 1427 1253 1500 erunt,

136 1539 153 1582 1
176 1525 339 1603 postremo
361 1520 462 1582 arato.
501 1517 653 1604 Turpil.
676 1541 728 1605 ap.
751 1519 853 1583 Prisc.
877 1519 918 1583 de
941 1529 1033 1583 metr.
1056 1543 1088 1606 p.
1114 1519 1196 1583 1326
1219 1529 1255 1584 ut

136 1620 246 1706 uisque
275 1618 409 1684 minimo
441 1628 612 1684 contentus
635 1620 715 1703 fuit,
743 1622 792 1685 ita
820 1621 1018 1687 fortunatam
1041 1621 1146 1686 vitam
1168 1621 1257 1687 vixit

136 1721 261 1785 mxime.
299 1720 376 1785 Cic.
399 1744 433 1807 p.
449 1720 545 1786 Caec.
566 1722 586 1786 2
608 1732 645 1787 ut
667 1743 813 1810 quaeque
835 1744 888 1787 res
912 1732 963 1787 111
984 1723 1186 1809 turpissima,
1209 1723 1256 1788 sic

136 1823 253 1888 mxime
276 1833 308 1887 11
330 1824 551 1888 maturissime
578 1824 779 1889 vindicanda
800 1834 861 1889 est.
907 1825 959 1888 oli.
985 1827 1019 1907 l,
1048 1825 1095 1905 16,
1118 1825 1169 1889 50.
1214 1822 1256 1887 ad

136 1928 175 2002 lu.
198 1924 239 1989 fr.
258 1925 320 2008 1,1
343 1929 374 2007 ξ.
393 1926 432 1988 12
453 1934 491 1990 ut
513 1928 649 2013 quisque
672 1937 722 1991 eet
744 1927 795 1991 vir
817 1927 969 2013 optimus,
993 1926 1041 1993 ita
1063 1924 1256 1992 difficillime

138 2045 185 2091 sse
206 2026 289 2092 alica
311 2027 476 2113 improbos
500 2030 694 2113 suspicatur.
741 2028 851 2094 Caes.
875 2029 906 2093 b.
929 2050 960 2113 g.
984 2028 1016 2110 6,
1042 2029 1089 2094 15.

194 2127 439 2194 Abweichende
454 2129 640 2215 Bildungen
662 2130 738 2195 sind
760 2130 931 2216 folgende:
955 2130 1035 2199 cic.
1060 2129 1256 2213 (11111118,

136 2227 157 2289 :4
178 2239 214 2294 ut
241 2231 381 2318 quisquo
410 2242 518 2297 aetate
547 2232 726 2314 antecedit,
757 2234 804 2297 ita
831 2234 1010 2298 sententiae
1038 2233 1258 2321 principatum

136 2342 209 2397 anet.
255 2332 351 2397 Sall.
374 2333 449 2418 Jug.
473 2334 513 2398 81
544 2335 592 2399 nti
623 2335 762 2421 quiaque
794 2333 1059 2422 opulentissimus
1093 2334 1256 2419 videatur,

136 2451 160 2492 a
182 2433 338 2499 Romanis
361 2434 487 2500 hostem
509 2437 591 2501 fore.
629 2436 681 2519 93,
706 2437 724 2501 7
747 2446 784 2500 ut
806 2439 964 2524 cuiusque
985 2438 1153 2522 ingenium
1177 2447 1258 2521 erat,

136 2552 155 2595 a
182 2559 248 2601 rem
273 2535 440 2602 difficilem
457 2547 514 2601 aut
536 2538 668 2602 facilem
690 2539 892 2604 nuntiavere.
930 2538 1011 2603 Liv.
1029 2538 1096 2620 9,6
1118 2550 1155 2605 ut
1170 2541 1257 2624 quis·

136 2654 176 2702 te
197 2637 303 2724 gradu
325 2640 495 2726 proximus
515 2650 594 2724 erat,
617 2642 664 2705 ita
685 2641 882 2726 ignominiae
905 2639 1062 2706 obiectus.
1100 2628 1258 2724 22711-

136 2756 180 2804 »s
204 2739 312 2805 vultus
336 2741 590 2825 digredientium
614 2764 777 2822 cerneres,
804 2753 841 2808 ut
863 2745 980 2829 cuique
1003 2752 1060 2807 aut
1087 2744 1175 2807 laeta
1200 2753 1259 2808 aut

136 2836 222 2907 latia
244 2842 489 2911 nuntiabantur.
524 2844 575 2923 22,
591 2846 643 2927 51,
660 2845 690 2910 6.
714 2846 765 2929 25,
782 2845 812 2929 8,
829 2847 857 2909 1.
888 2845 949 2909 lllit
967 2845 1041 2909 dem
1057 2843 1257 2932 Oonjunctiv

136 2962 176 3006 ³1·
196 2942 471 3029 Wiederholung:
502 2947 558 3025 34,
582 2946 624 3011 38
645 2956 683 3011 ut
704 2948 841 3034 quisque
864 2948 1005 3011 maxime
1028 2946 1191 3011 laboraret
1211 2945 1257 3010 lo·

136 3063 188 3130 a,
217 3056 274 3112 aut
296 3047 368 3131 ipse
390 3050 583 3114 occurrebat
605 3057 663 3114 aut
685 3048 767 3114 alios
789 3049 952 3115 mittebat.
997 3049 1029 3132 8,
1052 3048 1093 3113 23
1116 3070 1194 3136 qua,
1223 3058 1259 3114 ut

136 3142 250 3236 isque
271 3149 362 3214 locus
385 3160 602 3236 premeretur,
630 3152 715 3215 inter
738 3172 773 3216 sc
798 3150 850 3215 usi
876 3151 1016 3215 fuerant.
1061 3151 1150 3216 Tac.
1174 3152 1205 3216 h.
1231 3154 1259 3235 1,

141 3293 160 3308 .
190 3250 240 3315 85.
283 3272 357 3317 ann.
380 3251 412 3333 2,
434 3251 486 3316 2'l.
509 3252 540 3334 6,
564 3252 594 3317 8.
638 3317 644 3332 ,

198 3350 336 3431 Manche
352 3350 476 3418 Stellen
498 3355 613 3439 zeigen
634 3355 713 3419 aber
735 3354 831 3418 kein
853 3353 1009 3435 modales,
1033 3356 1174 3420 sondern
1196 3378 1259 3420 nur

136 3452 309 3538 lnporalea
332 3454 556 3537 Verbaltniss,
584 3480 611 3524 z.
634 3455 671 3520 B.
703 3456 783 3521 Cic.
812 3455 906 3520 Verr.
930 3457 966 3539 5,
989 3459 1031 3522 55
1057 3466 1093 3521 ut
1122 3458 1259 3544 quiaque

136 3555 269 3621 sobald
292 3558 417 3640 einer“)
441 3557 536 3622 istius
559 3558 778 3623 animum'aut
794 3556 904 3622 oculos
927 3559 1119 3641 offenderat,
1142 3562 1175 3624 in
1191 3557 1258 3624 lau·

136 3656 231 3722 miae
259 3660 372 3723 atatim
405 3658 636 3726 coniciebatur.
682 3659 771 3725 Oder
792 3660 879 3728 Liv.
902 3660 959 3744 25,
982 3661 1024 3726 39
1055 3671 1093 3726 ut
1122 3661 1260 3747 quisque

136 3770 277 3842 811111,
305 3763 455 3848 protinus
482 3761 524 3824 ad
547 3773 655 3827 castra
684 3759 787 3827 altera
814 3746 956 3845 fugiunt.
1001 3762 1104 3827 Suet.
1129 3761 1196 3826 Vit.
1222 3763 1260 3825 14

178 3881 205 3947 q.
226 3862 422 3928 deferretur.
467 3862 569 3927 Diese
592 3862 737 3948 gehliren
758 3864 827 3927 also
849 3863 940 3927 nicht
962 3862 1100 3929 hierher.

200 3962 299 4029 Nicht
321 3976 446 4031 correct
467 3966 510 4030 iat
533 3965 591 4029 der
614 3964 790 4031 Gebranch
816 3964 874 4029 des
898 3964 1185 4050 comparative
1215 3966 1259 4030 im

136 4072 318 4151 tupuatze
343 4066 395 4130 bei
410 4067 432 4132 J
439 4089 461 4130 u
472 4077 516 4131 11.
533 4067 583 4146 41,
600 4069 632 4151 2,
648 4068 669 4132 6
689 4065 964 4154 locupletissimus
988 4077 1024 4130 ut
1047 4066 1184 4153 quisque
1200 4076 1259 4151 est,

136 4178 156 4218 b
193 4169 297 4250 plures
326 4167 421 4256 (statt
450 4168 622 4257 plurimos,
654 4169 716 4234 wie
739 4169 833 4233 Caes.
862 4178 952 4252 sagt:
985 4168 1015 4232 b.
1038 4189 1069 4253 g.
1093 4169 1124 4251 6,
1151 4169 1203 4253 15)
1225 4170 1260 4234 in

136 4255 204 4333 'llo
224 4271 351 4358 equites
366 4272 437 4357 regi
453 4293 511 4336 suo
534 4271 679 4359 praebet.
714 4269 975 4356 Ungewiihnllch
990 4269 1074 4334 auch
1089 4268 1149 4335 der
1164 4269 1258 4358 Conj.

136 4377 160 4423 ἱ
186 4369 405 4439 Nebensatze:
428 4373 480 4455 27,
496 4374 523 4451 3,
542 4374 562 4438 3
583 4375 633 4439 uti
656 4374 793 4460 quisquc
812 4375 927 4457 fortior
949 4373 1065 4438 fuisset
1087 4371 1259 4460 (iterativ),

136 4471 232 4539 siam
254 4476 346 4543 velut
367 4476 525 4565 praedam
548 4476 741 4564 occupabat.
