<?xml version="1.0" encoding="UTF-8"?>
<!DOCTYPE html PUBLIC "-//W3C//DTD XHTML 1.0 Transitional//EN"
    "http://www.w3.org/TR/xhtml1/DTD/xhtml1-transitional.dtd">
<html xmlns="http://www.w3.org/1999/xhtml" xml:lang="en" lang="en">
 <head>
  <title>
</title>
<meta http-equiv="Content-Type" content="text/html;charset=utf-8" />
  <meta name='ocr-system' content='tesseract 3.04.00' />
  <meta name='ocr-capabilities' content='ocr_page ocr_carea ocr_par ocr_line ocrx_word'/>
</head>
<body>
  <div class='ocr_page' id='page_1' title='image "./historischesynt01draegoog/historischesynt01draegoog_0703.png"; bbox 0 0 2948 4988; ppageno 0'>
   <div class='ocr_carea' id='block_1_1' title="bbox 616 88 847 153">
    <p class='ocr_par' dir='ltr' id='par_1_1' title="bbox 616 88 847 153">
     <span class='ocr_line' id='line_1_1' title="bbox 616 88 847 153; baseline 0.009 -2"><span class='ocrx_word' id='word_1_1' title='bbox 616 88 847 153; x_wconf 86' lang='grc'><strong>-678-</strong></span> 
     </span>
    </p>
   </div>
   <div class='ocr_carea' id='block_1_2' title="bbox 89 253 1364 4011">
    <p class='ocr_par' dir='ltr' id='par_1_2' title="bbox 158 253 1364 649">
     <span class='ocr_line' id='line_1_2' title="bbox 158 253 1364 341; baseline -0.004 -13"><span class='ocrx_word' id='word_1_2' title='bbox 158 262 192 329; x_wconf 84' lang='lat' dir='ltr'><strong>S.</strong></span> <span class='ocrx_word' id='word_1_3' title='bbox 217 262 311 327; x_wconf 89' lang='grc'><strong>7-8.</strong></span> <span class='ocrx_word' id='word_1_4' title='bbox 360 258 550 326; x_wconf 76' lang='lat' dir='ltr'><strong>Aulisllend</strong></span> <span class='ocrx_word' id='word_1_5' title='bbox 578 257 690 340; x_wconf 77' lang='lat' dir='ltr'><strong>hitufig</strong></span> <span class='ocrx_word' id='word_1_6' title='bbox 724 258 779 322; x_wconf 87' lang='lat' dir='ltr'><strong>bei</strong></span> <span class='ocrx_word' id='word_1_7' title='bbox 810 255 982 341; x_wconf 83' lang='lat' dir='ltr'><strong>Lucres,</strong></span> <span class='ocrx_word' id='word_1_8' title='bbox 1014 256 1098 322; x_wconf 85' lang='lat' dir='ltr'><strong>nach</strong></span> <span class='ocrx_word' id='word_1_9' title='bbox 1134 253 1364 323; x_wconf 67' lang='lat' dir='ltr'><strong>Schroetm</strong></span> 
     </span>
     <span class='ocr_line' id='line_1_3' title="bbox 158 357 1364 444; baseline -0.007 -15"><span class='ocrx_word' id='word_1_10' title='bbox 158 366 198 429; x_wconf 82' lang='lat'><strong>21</strong></span> <span class='ocrx_word' id='word_1_11' title='bbox 220 362 304 442; x_wconf 84' lang='lat' dir='ltr'><strong>Mal,</strong></span> <span class='ocrx_word' id='word_1_12' title='bbox 327 386 355 426; x_wconf 81' lang='lat' dir='ltr'><strong>n.</strong></span> <span class='ocrx_word' id='word_1_13' title='bbox 379 362 417 426; x_wconf 90' lang='lat' dir='ltr'><strong>B.</strong></span> <span class='ocrx_word' id='word_1_14' title='bbox 440 362 472 444; x_wconf 84' lang='lat'><strong>3,</strong></span> <span class='ocrx_word' id='word_1_15' title='bbox 494 359 558 424; x_wconf 91' lang='grc'>408</span> <span class='ocrx_word' id='word_1_16' title='bbox 591 368 645 441; x_wconf 87' lang='lat' dir='ltr'><strong>ut,</strong></span> <span class='ocrx_word' id='word_1_17' title='bbox 679 359 820 424; x_wconf 74' lang='lat' dir='ltr'><strong>lacerato</strong></span> <span class='ocrx_word' id='word_1_18' title='bbox 852 359 947 424; x_wconf 87' lang='lat' dir='ltr'><strong>oculo</strong></span> <span class='ocrx_word' id='word_1_19' title='bbox 975 358 1100 425; x_wconf 88' lang='lat' dir='ltr'><strong>circum</strong></span> <span class='ocrx_word' id='word_1_20' title='bbox 1128 359 1158 423; x_wconf 91' lang='lat' dir='ltr'><strong>si</strong></span> <span class='ocrx_word' id='word_1_21' title='bbox 1184 357 1364 444; x_wconf 61' lang='lat' dir='ltr'><strong>populu</strong></span> 
     </span>
     <span class='ocr_line' id='line_1_4' title="bbox 159 459 1364 549; baseline -0.003 -20"><span class='ocrx_word' id='word_1_22' title='bbox 159 466 281 530; x_wconf 82' lang='lat' dir='ltr'><strong>mansit</strong></span> <span class='ocrx_word' id='word_1_23' title='bbox 301 462 492 544; x_wconf 86' lang='lat' dir='ltr'><strong>incolumis,</strong></span> <span class='ocrx_word' id='word_1_24' title='bbox 515 471 581 526; x_wconf 87' lang='lat' dir='ltr'><strong>stat</strong></span> <span class='ocrx_word' id='word_1_25' title='bbox 602 459 760 526; x_wconf 84' lang='lat' dir='ltr'><strong>cernundi</strong></span> <span class='ocrx_word' id='word_1_26' title='bbox 774 461 888 525; x_wconf 81' lang='lat' dir='ltr'><strong>vivata</strong></span> <span class='ocrx_word' id='word_1_27' title='bbox 909 471 1067 549; x_wconf 84' lang='lat' dir='ltr'><strong>potestas.</strong></span> <span class='ocrx_word' id='word_1_28' title='bbox 1093 462 1126 540; x_wconf 83' lang='lat'><strong>3,</strong></span> <span class='ocrx_word' id='word_1_29' title='bbox 1142 461 1217 526; x_wconf 87' lang='grc'><strong>613.</strong></span> <span class='ocrx_word' id='word_1_30' title='bbox 1233 459 1290 526; x_wconf 90' lang='grc'><strong>779</strong></span> <span class='ocrx_word' id='word_1_31' title='bbox 1308 472 1364 525; x_wconf 63' lang='lat' dir='ltr'><em>G</em></span> 
     </span>
     <span class='ocr_line' id='line_1_5' title="bbox 159 566 437 649; baseline -0.011 -16"><span class='ocrx_word' id='word_1_32' title='bbox 159 570 191 649; x_wconf 92' lang='grc'><strong>5,</strong></span> <span class='ocrx_word' id='word_1_33' title='bbox 216 566 287 633; x_wconf 89' lang='grc'><strong>796.</strong></span> <span class='ocrx_word' id='word_1_34' title='bbox 310 567 340 644; x_wconf 88' lang='grc'><strong>6,</strong></span> <span class='ocrx_word' id='word_1_35' title='bbox 363 566 437 631; x_wconf 88' lang='grc'><strong>317.</strong></span> 
     </span>
    </p>

    <p class='ocr_par' dir='ltr' id='par_1_3' title="bbox 246 663 1364 752">
     <span class='ocr_line' id='line_1_6' title="bbox 246 663 1364 752; baseline -0.004 -19"><span class='ocrx_word' id='word_1_36' title='bbox 246 668 324 734; x_wconf 82' lang='lat' dir='ltr'><strong>Cic.</strong></span> <span class='ocrx_word' id='word_1_37' title='bbox 347 667 401 733; x_wconf 87' lang='lat' dir='ltr'><strong>off.</strong></span> <span class='ocrx_word' id='word_1_38' title='bbox 423 666 453 747; x_wconf 94' lang='grc'><strong>2,</strong></span> <span class='ocrx_word' id='word_1_39' title='bbox 469 666 500 749; x_wconf 89' lang='lat'><strong>8,</strong></span> <span class='ocrx_word' id='word_1_40' title='bbox 516 665 558 729; x_wconf 89' lang='grc'><strong>29</strong></span> <span class='ocrx_word' id='word_1_41' title='bbox 579 665 608 729; x_wconf 91' lang='lat' dir='ltr'><strong>si</strong></span> <span class='ocrx_word' id='word_1_42' title='bbox 632 701 672 713; x_wconf 92' lang='lat'><em>-</em></span> <span class='ocrx_word' id='word_1_43' title='bbox 694 663 844 730; x_wconf 83' lang='lat' dir='ltr'><strong>accidere</strong></span> <span class='ocrx_word' id='word_1_44' title='bbox 865 673 1060 752; x_wconf 86' lang='lat' dir='ltr'><strong>potuerunt,</strong></span> <span class='ocrx_word' id='word_1_45' title='bbox 1083 664 1165 752; x_wconf 88' lang='lat' dir='ltr'><strong>quid</strong></span> <span class='ocrx_word' id='word_1_46' title='bbox 1186 663 1307 730; x_wconf 73' lang='lat' dir='ltr'><strong>deben-</strong></span> <span class='ocrx_word' id='word_1_47' title='bbox 1337 730 1364 738; x_wconf 44' lang='lat'><strong>,-</strong></span> 
     </span>
    </p>

    <p class='ocr_par' dir='ltr' id='par_1_4' title="bbox 160 765 1364 857">
     <span class='ocr_line' id='line_1_7' title="bbox 160 765 1364 857; baseline 0 -23"><span class='ocrx_word' id='word_1_48' title='bbox 160 780 275 857; x_wconf 88' lang='lat' dir='ltr'><strong>putare</strong></span> <span class='ocrx_word' id='word_1_49' title='bbox 297 767 442 854; x_wconf 78' lang='lat' dir='ltr'>singuli?</span> <span class='ocrx_word' id='word_1_50' title='bbox 484 789 552 854; x_wconf 87' lang='lat' dir='ltr'><strong>rep.</strong></span> <span class='ocrx_word' id='word_1_51' title='bbox 577 768 605 849; x_wconf 91' lang='lat'><strong>1,</strong></span> <span class='ocrx_word' id='word_1_52' title='bbox 620 767 664 831; x_wconf 89' lang='grc'><strong>44</strong></span> <span class='ocrx_word' id='word_1_53' title='bbox 685 787 766 853; x_wconf 90' lang='lat' dir='ltr'><strong>quos</strong></span> <span class='ocrx_word' id='word_1_54' title='bbox 788 768 816 832; x_wconf 91' lang='lat' dir='ltr'><strong>si</strong></span> <span class='ocrx_word' id='word_1_55' title='bbox 838 765 917 832; x_wconf 90' lang='lat' dir='ltr'><strong>boni</strong></span> <span class='ocrx_word' id='word_1_56' title='bbox 938 778 1181 853; x_wconf 83' lang='lat' dir='ltr'><strong>represserunt,</strong></span> <span class='ocrx_word' id='word_1_57' title='bbox 1202 787 1364 835; x_wconf 57' lang='lat' dir='ltr'><strong>recrea</strong></span> 
     </span>
    </p>

    <p class='ocr_par' dir='ltr' id='par_1_5' title="bbox 89 868 1364 1262">
     <span class='ocr_line' id='line_1_8' title="bbox 89 868 1364 956; baseline -0.002 -20"><span class='ocrx_word' id='word_1_58' title='bbox 89 869 93 876; x_wconf 79' lang='grc'><strong>’</strong></span> <span class='ocrx_word' id='word_1_59' title='bbox 160 883 235 936; x_wconf 86' lang='lat' dir='ltr'><strong>atur</strong></span> <span class='ocrx_word' id='word_1_60' title='bbox 256 872 384 936; x_wconf 80' lang='lat' dir='ltr'><strong>civitas.</strong></span> <span class='ocrx_word' id='word_1_61' title='bbox 427 869 505 934; x_wconf 85' lang='lat' dir='ltr'><strong>fam.</strong></span> <span class='ocrx_word' id='word_1_62' title='bbox 530 869 579 949; x_wconf 84' lang='lat'><strong>15,</strong></span> <span class='ocrx_word' id='word_1_63' title='bbox 594 869 625 949; x_wconf 86' lang='lat'><strong>4,</strong></span> <span class='ocrx_word' id='word_1_64' title='bbox 644 869 683 933; x_wconf 90' lang='lat'><strong>13</strong></span> <span class='ocrx_word' id='word_1_65' title='bbox 705 869 734 932; x_wconf 95' lang='lat' dir='ltr'><strong>si</strong></span> <span class='ocrx_word' id='word_1_66' title='bbox 757 870 930 955; x_wconf 85' lang='lat' dir='ltr'><strong>quisquam</strong></span> <span class='ocrx_word' id='word_1_67' title='bbox 951 868 1017 934; x_wconf 86' lang='lat' dir='ltr'><strong>fnit</strong></span> <span class='ocrx_word' id='word_1_68' title='bbox 1037 890 1183 956; x_wconf 85' lang='lat' dir='ltr'><strong>unquam</strong></span> <span class='ocrx_word' id='word_1_69' title='bbox 1204 890 1364 934; x_wconf 68' lang='lat' dir='ltr'><strong>remo—-</strong></span> 
     </span>
     <span class='ocr_line' id='line_1_9' title="bbox 160 969 1364 1057; baseline 0.002 -20"><span class='ocrx_word' id='word_1_70' title='bbox 160 984 213 1038; x_wconf 87' lang='lat' dir='ltr'><strong>tus</strong></span> <span class='ocrx_word' id='word_1_71' title='bbox 245 972 289 1036; x_wconf 90' lang='lat' dir='ltr'><strong>ab</strong></span> <span class='ocrx_word' id='word_1_72' title='bbox 320 973 411 1037; x_wconf 82' lang='lat' dir='ltr'><strong>inani</strong></span> <span class='ocrx_word' id='word_1_73' title='bbox 442 971 540 1036; x_wconf 78' lang='lat' dir='ltr'><strong>laude</strong></span> <span class='ocrx_word' id='word_1_74' title='bbox 567 981 601 1034; x_wconf 90' lang='lat' dir='ltr'><strong>et</strong></span> <span class='ocrx_word' id='word_1_75' title='bbox 625 971 831 1036; x_wconf 73' lang='lat' dir='ltr'>sermonibus</span> <span class='ocrx_word' id='word_1_76' title='bbox 859 969 968 1056; x_wconf 81' lang='lat' dir='ltr'><strong>vulgi,</strong></span> <span class='ocrx_word' id='word_1_77' title='bbox 1001 991 1063 1056; x_wconf 82' lang='lat' dir='ltr'><strong>ego</strong></span> <span class='ocrx_word' id='word_1_78' title='bbox 1095 971 1242 1057; x_wconf 86' lang='lat' dir='ltr'><strong>profecto</strong></span> <span class='ocrx_word' id='word_1_79' title='bbox 1271 971 1364 1041; x_wconf 55' lang='grc' dir='ltr'><strong>’με</strong></span> 
     </span>
     <span class='ocr_line' id='line_1_10' title="bbox 163 1071 1364 1160; baseline 0 -20"><span class='ocrx_word' id='word_1_80' title='bbox 163 1098 246 1143; x_wconf 84' lang='lat' dir='ltr'><strong>sum.</strong></span> <span class='ocrx_word' id='word_1_81' title='bbox 290 1073 382 1139; x_wconf 87' lang='lat' dir='ltr'><strong>Lael.</strong></span> <span class='ocrx_word' id='word_1_82' title='bbox 406 1077 435 1158; x_wconf 96' lang='grc'><strong>7,</strong></span> <span class='ocrx_word' id='word_1_83' title='bbox 457 1074 500 1137; x_wconf 91' lang='grc'><strong>24</strong></span> <span class='ocrx_word' id='word_1_84' title='bbox 520 1073 550 1137; x_wconf 88' lang='lat' dir='ltr'><strong>si</strong></span> <span class='ocrx_word' id='word_1_85' title='bbox 572 1073 683 1138; x_wconf 83' lang='lat' dir='ltr'><strong>extitit</strong></span> <span class='ocrx_word' id='word_1_86' title='bbox 704 1109 747 1123; x_wconf 86' lang='lat'>-</span> <span class='ocrx_word' id='word_1_87' title='bbox 769 1073 843 1159; x_wconf 90' lang='lat' dir='ltr'><strong>quis</strong></span> <span class='ocrx_word' id='word_1_88' title='bbox 865 1081 916 1137; x_wconf 84' lang='lat' dir='ltr'><strong>est</strong></span> <span class='ocrx_word' id='word_1_89' title='bbox 937 1073 1005 1159; x_wconf 89' lang='lat' dir='ltr'><strong>qui.</strong></span> <span class='ocrx_word' id='word_1_90' title='bbox 1042 1095 1073 1160; x_wconf 89' lang='lat' dir='ltr'><strong>p.</strong></span> <span class='ocrx_word' id='word_1_91' title='bbox 1095 1071 1170 1137; x_wconf 81' lang='lat' dir='ltr'><strong>Mil.</strong></span> <span class='ocrx_word' id='word_1_92' title='bbox 1194 1073 1241 1155; x_wconf 85' lang='lat'><strong>11,</strong></span> <span class='ocrx_word' id='word_1_93' title='bbox 1259 1072 1364 1140; x_wconf 63' lang='lat' dir='ltr'><strong>3OE</strong></span> 
     </span>
     <span class='ocr_line' id='line_1_11' title="bbox 162 1172 1272 1262; baseline -0.003 -20"><span class='ocrx_word' id='word_1_94' title='bbox 162 1179 191 1242; x_wconf 93' lang='lat' dir='ltr'><strong>si</strong></span> <span class='ocrx_word' id='word_1_95' title='bbox 213 1176 249 1242; x_wconf 93' lang='lat' dir='ltr'><strong>id</strong></span> <span class='ocrx_word' id='word_1_96' title='bbox 270 1177 341 1240; x_wconf 90' lang='lat' dir='ltr'><strong>iure</strong></span> <span class='ocrx_word' id='word_1_97' title='bbox 362 1175 434 1240; x_wconf 88' lang='lat' dir='ltr'><strong>fieri</strong></span> <span class='ocrx_word' id='word_1_98' title='bbox 455 1197 520 1241; x_wconf 94' lang='lat' dir='ltr'><strong>non</strong></span> <span class='ocrx_word' id='word_1_99' title='bbox 542 1174 665 1262; x_wconf 87' lang='lat' dir='ltr'><strong>potuit,</strong></span> <span class='ocrx_word' id='word_1_100' title='bbox 688 1173 768 1239; x_wconf 89' lang='lat' dir='ltr'><strong>nihil</strong></span> <span class='ocrx_word' id='word_1_101' title='bbox 790 1174 895 1239; x_wconf 86' lang='lat' dir='ltr'><strong>habeo</strong></span> <span class='ocrx_word' id='word_1_102' title='bbox 916 1173 1005 1260; x_wconf 92' lang='lat' dir='ltr'><strong>quod</strong></span> <span class='ocrx_word' id='word_1_103' title='bbox 1026 1172 1212 1239; x_wconf 78' lang='lat' dir='ltr'><strong>defendam</strong></span> <span class='ocrx_word' id='word_1_104' title='bbox 1265 1248 1272 1253; x_wconf 50' lang='grc'><strong>,</strong></span> 
     </span>
    </p>

    <p class='ocr_par' dir='ltr' id='par_1_6' title="bbox 160 1272 1357 1974">
     <span class='ocr_line' id='line_1_12' title="bbox 244 1272 1357 1362; baseline -0.004 -20"><span class='ocrx_word' id='word_1_105' title='bbox 244 1299 272 1342; x_wconf 85' lang='lat' dir='ltr'><strong>c.</strong></span> <span class='ocrx_word' id='word_1_106' title='bbox 296 1277 458 1342; x_wconf 84' lang='lat' dir='ltr'><strong>Perfect</strong></span> <span class='ocrx_word' id='word_1_107' title='bbox 484 1279 528 1343; x_wconf 93' lang='lat' dir='ltr'><strong>im</strong></span> <span class='ocrx_word' id='word_1_108' title='bbox 551 1275 754 1359; x_wconf 73' lang='lat' dir='ltr'><strong>Nebensam,</strong></span> <span class='ocrx_word' id='word_1_109' title='bbox 791 1275 903 1339; x_wconf 74' lang='lat' dir='ltr'><strong>FutI</strong></span> <span class='ocrx_word' id='word_1_110' title='bbox 937 1277 983 1339; x_wconf 90' lang='lat' dir='ltr'><strong>im</strong></span> <span class='ocrx_word' id='word_1_111' title='bbox 1009 1275 1208 1362; x_wconf 81' lang='lat' dir='ltr'><strong>Hauptssts.</strong></span> <span class='ocrx_word' id='word_1_112' title='bbox 1243 1272 1357 1339; x_wconf 57' lang='grc' dir='ltr'><strong>Ιώ</strong></span> 
     </span>
     <span class='ocr_line' id='line_1_13' title="bbox 163 1375 1351 1464; baseline -0.002 -20"><span class='ocrx_word' id='word_1_113' title='bbox 163 1380 271 1444; x_wconf 81' lang='lat' dir='ltr'><strong>kenne</strong></span> <span class='ocrx_word' id='word_1_114' title='bbox 292 1400 354 1443; x_wconf 86' lang='lat' dir='ltr'><strong>nur</strong></span> <span class='ocrx_word' id='word_1_115' title='bbox 376 1379 502 1462; x_wconf 84' lang='lat' dir='ltr'><strong>wenige</strong></span> <span class='ocrx_word' id='word_1_116' title='bbox 525 1376 662 1443; x_wconf 88' lang='lat' dir='ltr'><strong>Stellen:</strong></span> <span class='ocrx_word' id='word_1_117' title='bbox 691 1377 770 1446; x_wconf 84' lang='lat' dir='ltr'><strong>Cic.</strong></span> <span class='ocrx_word' id='word_1_118' title='bbox 793 1375 879 1441; x_wconf 87' lang='lat' dir='ltr'><strong>Phil.</strong></span> <span class='ocrx_word' id='word_1_119' title='bbox 896 1377 963 1460; x_wconf 90' lang='grc'><strong>9,1</strong></span> <span class='ocrx_word' id='word_1_120' title='bbox 992 1379 1082 1464; x_wconf 91' lang='lat' dir='ltr'><strong>quod</strong></span> <span class='ocrx_word' id='word_1_121' title='bbox 1104 1380 1134 1443; x_wconf 89' lang='lat' dir='ltr'><strong>si</strong></span> <span class='ocrx_word' id='word_1_122' title='bbox 1154 1378 1351 1464; x_wconf 77' lang='lat' dir='ltr'><strong>cuiquam</strong></span> 
     </span>
     <span class='ocr_line' id='line_1_14' title="bbox 160 1477 1351 1564; baseline -0.003 -20"><span class='ocrx_word' id='word_1_123' title='bbox 160 1481 265 1546; x_wconf 88' lang='lat' dir='ltr'><strong>iustus</strong></span> <span class='ocrx_word' id='word_1_124' title='bbox 293 1480 395 1545; x_wconf 92' lang='lat' dir='ltr'><strong>honos</strong></span> <span class='ocrx_word' id='word_1_125' title='bbox 428 1478 560 1544; x_wconf 89' lang='lat' dir='ltr'><strong>habitus</strong></span> <span class='ocrx_word' id='word_1_126' title='bbox 590 1488 640 1544; x_wconf 89' lang='lat' dir='ltr'><strong>est</strong></span> <span class='ocrx_word' id='word_1_127' title='bbox 668 1481 702 1544; x_wconf 94' lang='lat' dir='ltr'><strong>in</strong></span> <span class='ocrx_word' id='word_1_128' title='bbox 729 1488 834 1544; x_wconf 87' lang='lat' dir='ltr'><strong>morto</strong></span> <span class='ocrx_word' id='word_1_129' title='bbox 866 1477 992 1564; x_wconf 79' lang='lat' dir='ltr'><strong>legato,</strong></span> <span class='ocrx_word' id='word_1_130' title='bbox 1021 1481 1056 1545; x_wconf 92' lang='lat' dir='ltr'><strong>in</strong></span> <span class='ocrx_word' id='word_1_131' title='bbox 1074 1479 1166 1545; x_wconf 86' lang='lat' dir='ltr'><strong>nullo</strong></span> <span class='ocrx_word' id='word_1_132' title='bbox 1192 1479 1351 1545; x_wconf 82' lang='lat' dir='ltr'><strong>iustior</strong></span> 
     </span>
     <span class='ocr_line' id='line_1_15' title="bbox 161 1578 1344 1668; baseline -0.004 -21"><span class='ocrx_word' id='word_1_133' title='bbox 161 1604 260 1668; x_wconf 89' lang='lat' dir='ltr'><strong>quam</strong></span> <span class='ocrx_word' id='word_1_134' title='bbox 281 1583 317 1646; x_wconf 92' lang='lat' dir='ltr'><strong>in</strong></span> <span class='ocrx_word' id='word_1_135' title='bbox 340 1583 409 1647; x_wconf 85' lang='lat' dir='ltr'><strong>Ser.</strong></span> <span class='ocrx_word' id='word_1_136' title='bbox 421 1579 571 1667; x_wconf 88' lang='lat' dir='ltr'><strong>Sulpicio</strong></span> <span class='ocrx_word' id='word_1_137' title='bbox 592 1581 775 1666; x_wconf 87' lang='lat' dir='ltr'><strong>reperietur</strong></span> <span class='ocrx_word' id='word_1_138' title='bbox 795 1579 880 1663; x_wconf 82' lang='lat' dir='ltr'><strong>(scil</strong></span> <span class='ocrx_word' id='word_1_139' title='bbox 902 1579 1037 1645; x_wconf 90' lang='lat' dir='ltr'><strong>habitus</strong></span> <span class='ocrx_word' id='word_1_140' title='bbox 1052 1583 1150 1667; x_wconf 88' lang='lat' dir='ltr'><strong>esse).</strong></span> <span class='ocrx_word' id='word_1_141' title='bbox 1177 1582 1249 1645; x_wconf 81' lang='lat' dir='ltr'><strong>iam</strong></span> <span class='ocrx_word' id='word_1_142' title='bbox 1277 1578 1344 1655; x_wconf 78' lang='lat'><strong>7,</strong></span> 
     </span>
     <span class='ocr_line' id='line_1_16' title="bbox 163 1680 1341 1767; baseline -0.002 -19"><span class='ocrx_word' id='word_1_143' title='bbox 163 1685 267 1764; x_wconf 84' lang='lat'><strong>14,1.</strong></span> <span class='ocrx_word' id='word_1_144' title='bbox 311 1683 398 1747; x_wconf 90' lang='lat' dir='ltr'><strong>Liv.</strong></span> <span class='ocrx_word' id='word_1_145' title='bbox 421 1683 475 1765; x_wconf 92' lang='grc'><strong>22,</strong></span> <span class='ocrx_word' id='word_1_146' title='bbox 498 1682 549 1767; x_wconf 86' lang='grc'><strong>60,</strong></span> <span class='ocrx_word' id='word_1_147' title='bbox 581 1683 621 1746; x_wconf 91' lang='grc'><strong>14</strong></span> <span class='ocrx_word' id='word_1_148' title='bbox 653 1682 682 1745; x_wconf 91' lang='lat' dir='ltr'><strong>si</strong></span> <span class='ocrx_word' id='word_1_149' title='bbox 714 1691 806 1746; x_wconf 86' lang='lat' dir='ltr'><strong>tants</strong></span> <span class='ocrx_word' id='word_1_150' title='bbox 837 1680 947 1747; x_wconf 79' lang='lat' dir='ltr'><strong>clades</strong></span> <span class='ocrx_word' id='word_1_151' title='bbox 980 1681 1083 1748; x_wconf 83' lang='lat' dir='ltr'><strong>vilem</strong></span> <span class='ocrx_word' id='word_1_152' title='bbox 1110 1683 1210 1749; x_wconf 85' lang='lat' dir='ltr'><strong>vitam</strong></span> <span class='ocrx_word' id='word_1_153' title='bbox 1238 1696 1341 1746; x_wconf 75' lang='lat' dir='ltr'><strong>non</strong></span> 
     </span>
     <span class='ocr_line' id='line_1_17' title="bbox 161 1782 1338 1867; baseline -0.003 -18"><span class='ocrx_word' id='word_1_154' title='bbox 161 1786 255 1866; x_wconf 88' lang='lat' dir='ltr'><strong>fecit,</strong></span> <span class='ocrx_word' id='word_1_155' title='bbox 277 1783 368 1849; x_wconf 91' lang='lat' dir='ltr'><strong>nulla</strong></span> <span class='ocrx_word' id='word_1_156' title='bbox 388 1784 497 1853; x_wconf 79' lang='lat' dir='ltr'><strong>faciet.</strong></span> <span class='ocrx_word' id='word_1_157' title='bbox 541 1785 630 1848; x_wconf 82' lang='lat' dir='ltr'><strong>Tac.</strong></span> <span class='ocrx_word' id='word_1_158' title='bbox 654 1805 729 1848; x_wconf 91' lang='lat' dir='ltr'><strong>ann.</strong></span> <span class='ocrx_word' id='word_1_159' title='bbox 744 1785 777 1867; x_wconf 83' lang='lat'><strong>3,</strong></span> <span class='ocrx_word' id='word_1_160' title='bbox 795 1783 835 1847; x_wconf 83' lang='lat'><strong>12</strong></span> <span class='ocrx_word' id='word_1_161' title='bbox 850 1821 889 1832; x_wconf 90' lang='lat'>-</span> <span class='ocrx_word' id='word_1_162' title='bbox 912 1785 940 1848; x_wconf 92' lang='lat' dir='ltr'><strong>si</strong></span> <span class='ocrx_word' id='word_1_163' title='bbox 962 1782 1105 1850; x_wconf 84' lang='lat' dir='ltr'><strong>lsctstus</strong></span> <span class='ocrx_word' id='word_1_164' title='bbox 1121 1794 1187 1862; x_wconf 86' lang='lat' dir='ltr'><strong>est,</strong></span> <span class='ocrx_word' id='word_1_165' title='bbox 1208 1783 1338 1848; x_wconf 81' lang='lat' dir='ltr'><strong>odero</strong></span> 
     </span>
     <span class='ocr_line' id='line_1_18' title="bbox 165 1885 783 1974; baseline -0.003 -22"><span class='ocrx_word' id='word_1_166' title='bbox 165 1908 387 1974; x_wconf 76' lang='lat' dir='ltr'><strong>seponamque</strong></span> <span class='ocrx_word' id='word_1_167' title='bbox 408 1896 467 1951; x_wconf 89' lang='lat' dir='ltr'><strong>ctt.</strong></span> <span class='ocrx_word' id='word_1_168' title='bbox 510 1886 587 1971; x_wconf 85' lang='lat' dir='ltr'><strong>Vgl.</strong></span> <span class='ocrx_word' id='word_1_169' title='bbox 610 1886 669 1954; x_wconf 83' lang='lat' dir='ltr'><strong>Nr.</strong></span> <span class='ocrx_word' id='word_1_170' title='bbox 691 1885 728 1965; x_wconf 82' lang='lat' dir='ltr'><strong>C,</strong></span> <span class='ocrx_word' id='word_1_171' title='bbox 752 1886 783 1950; x_wconf 92' lang='lat' dir='ltr'><strong>b.</strong></span> 
     </span>
    </p>

    <p class='ocr_par' dir='ltr' id='par_1_7' title="bbox 162 1986 1337 2783">
     <span class='ocr_line' id='line_1_19' title="bbox 246 1986 1337 2074; baseline 0.001 -22"><span class='ocrx_word' id='word_1_172' title='bbox 246 1988 280 2052; x_wconf 89' lang='lat' dir='ltr'><strong>d.</strong></span> <span class='ocrx_word' id='word_1_173' title='bbox 302 1988 470 2053; x_wconf 84' lang='lat' dir='ltr'><strong>Perfect</strong></span> <span class='ocrx_word' id='word_1_174' title='bbox 490 1990 534 2052; x_wconf 94' lang='lat' dir='ltr'><strong>im</strong></span> <span class='ocrx_word' id='word_1_175' title='bbox 557 1986 762 2067; x_wconf 81' lang='lat' dir='ltr'><strong>Nebensstz‚</strong></span> <span class='ocrx_word' id='word_1_176' title='bbox 785 1988 1004 2074; x_wconf 86' lang='lat' dir='ltr'><strong>Imperativ</strong></span> <span class='ocrx_word' id='word_1_177' title='bbox 1028 1989 1074 2052; x_wconf 91' lang='lat' dir='ltr'><strong>im</strong></span> <span class='ocrx_word' id='word_1_178' title='bbox 1097 1987 1337 2074; x_wconf 68' lang='lat' dir='ltr'><strong>flaupossze,</strong></span> 
     </span>
     <span class='ocr_line' id='line_1_20' title="bbox 162 2078 1334 2179; baseline -0.007 -22"><span class='ocrx_word' id='word_1_179' title='bbox 162 2093 213 2157; x_wconf 91' lang='lat' dir='ltr'><strong>bis</strong></span> <span class='ocrx_word' id='word_1_180' title='bbox 237 2094 323 2179; x_wconf 82' lang='lat' dir='ltr'><strong>jetat</strong></span> <span class='ocrx_word' id='word_1_181' title='bbox 344 2112 405 2156; x_wconf 86' lang='lat' dir='ltr'><strong>nur</strong></span> <span class='ocrx_word' id='word_1_182' title='bbox 427 2112 486 2154; x_wconf 87' lang='lat' dir='ltr'><strong>aus</strong></span> <span class='ocrx_word' id='word_1_183' title='bbox 508 2089 662 2154; x_wconf 77' lang='lat' dir='ltr'><strong>Terens</strong></span> <span class='ocrx_word' id='word_1_184' title='bbox 685 2088 754 2153; x_wconf 89' lang='lat' dir='ltr'><strong>und</strong></span> <span class='ocrx_word' id='word_1_185' title='bbox 777 2090 945 2155; x_wconf 89' lang='lat' dir='ltr'><strong>Tacitus</strong></span> <span class='ocrx_word' id='word_1_186' title='bbox 967 2087 1094 2174; x_wconf 76' lang='lat' dir='ltr'><strong>balcgtz</strong></span> <span class='ocrx_word' id='word_1_187' title='bbox 1123 2089 1241 2154; x_wconf 66' lang='lat' dir='ltr'><strong>fleant.</strong></span> <span class='ocrx_word' id='word_1_188' title='bbox 1258 2078 1334 2149; x_wconf 77' lang='lat'><strong>48</strong></span> 
     </span>
     <span class='ocr_line' id='line_1_21' title="bbox 165 2188 1336 2279; baseline -0.004 -20"><span class='ocrx_word' id='word_1_189' title='bbox 165 2196 193 2259; x_wconf 88' lang='lat' dir='ltr'><strong>si</strong></span> <span class='ocrx_word' id='word_1_190' title='bbox 226 2213 391 2279; x_wconf 88' lang='lat' dir='ltr'><strong>nunquam</strong></span> <span class='ocrx_word' id='word_1_191' title='bbox 421 2212 521 2257; x_wconf 86' lang='lat' dir='ltr'><strong>avare</strong></span> <span class='ocrx_word' id='word_1_192' title='bbox 553 2192 695 2278; x_wconf 73' lang='lat' dir='ltr'><strong>predum</strong></span> <span class='ocrx_word' id='word_1_193' title='bbox 721 2192 824 2257; x_wconf 91' lang='lat' dir='ltr'><strong>statui</strong></span> <span class='ocrx_word' id='word_1_194' title='bbox 849 2192 915 2256; x_wconf 82' lang='lat' dir='ltr'><strong>srti</strong></span> <span class='ocrx_word' id='word_1_195' title='bbox 940 2212 1033 2257; x_wconf 87' lang='lat' dir='ltr'><strong>meac</strong></span> <span class='ocrx_word' id='word_1_196' title='bbox 1059 2229 1103 2240; x_wconf 91' lang='lat'><em>-</em></span> <span class='ocrx_word' id='word_1_197' title='bbox 1126 2188 1336 2277; x_wconf 65' lang='lat' dir='ltr'><strong>exemplu!¹</strong></span> 
     </span>
     <span class='ocr_line' id='line_1_22' title="bbox 164 2287 1335 2376; baseline -0.003 -15"><span class='ocrx_word' id='word_1_198' title='bbox 164 2295 298 2361; x_wconf 76' lang='lat' dir='ltr'><strong>statuite</strong></span> <span class='ocrx_word' id='word_1_199' title='bbox 328 2295 363 2358; x_wconf 94' lang='lat' dir='ltr'><strong>in</strong></span> <span class='ocrx_word' id='word_1_200' title='bbox 390 2315 457 2375; x_wconf 87' lang='lat' dir='ltr'><strong>me,</strong></span> <span class='ocrx_word' id='word_1_201' title='bbox 490 2302 528 2359; x_wconf 88' lang='lat' dir='ltr'><strong>ut</strong></span> <span class='ocrx_word' id='word_1_202' title='bbox 549 2303 607 2359; x_wconf 86' lang='lat' dir='ltr'><strong>ctt.</strong></span> <span class='ocrx_word' id='word_1_203' title='bbox 651 2292 832 2359; x_wconf 78' lang='lat' dir='ltr'><strong>Disselben</strong></span> <span class='ocrx_word' id='word_1_204' title='bbox 853 2292 973 2372; x_wconf 78' lang='lat' dir='ltr'><strong>Verso,</strong></span> <span class='ocrx_word' id='word_1_205' title='bbox 1006 2294 1088 2359; x_wconf 87' lang='lat' dir='ltr'><strong>aber</strong></span> <span class='ocrx_word' id='word_1_206' title='bbox 1108 2292 1242 2376; x_wconf 85' lang='lat' dir='ltr'><strong>nnecht,</strong></span> <span class='ocrx_word' id='word_1_207' title='bbox 1282 2287 1335 2351; x_wconf 69' lang='lat'><strong>31¹</strong></span> 
     </span>
     <span class='ocr_line' id='line_1_23' title="bbox 162 2393 1332 2482; baseline -0.006 -20"><span class='ocrx_word' id='word_1_208' title='bbox 162 2396 245 2462; x_wconf 83' lang='lat' dir='ltr'><strong>Hes.</strong></span> <span class='ocrx_word' id='word_1_209' title='bbox 267 2394 311 2459; x_wconf 87' lang='lat'><strong>49</strong></span> <span class='ocrx_word' id='word_1_210' title='bbox 331 2395 365 2459; x_wconf 85' lang='lat' dir='ltr'><strong>ff.</strong></span> <span class='ocrx_word' id='word_1_211' title='bbox 388 2416 420 2458; x_wconf 87' lang='lat' dir='ltr'><strong>v.</strong></span> <span class='ocrx_word' id='word_1_212' title='bbox 443 2394 506 2459; x_wconf 90' lang='grc'><strong>253</strong></span> <span class='ocrx_word' id='word_1_213' title='bbox 540 2395 568 2459; x_wconf 92' lang='lat' dir='ltr'><strong>si</strong></span> <span class='ocrx_word' id='word_1_214' title='bbox 600 2396 681 2482; x_wconf 88' lang='lat' dir='ltr'><strong>quid</strong></span> <span class='ocrx_word' id='word_1_215' title='bbox 713 2406 763 2460; x_wconf 87' lang='lat' dir='ltr'><strong>cst</strong></span> <span class='ocrx_word' id='word_1_216' title='bbox 794 2403 965 2481; x_wconf 85' lang='lat' dir='ltr'><strong>peccatum</strong></span> <span class='ocrx_word' id='word_1_217' title='bbox 987 2417 1009 2460; x_wconf 84' lang='lat' dir='ltr'><strong>a</strong></span> <span class='ocrx_word' id='word_1_218' title='bbox 1040 2396 1155 2481; x_wconf 85' lang='lat' dir='ltr'><strong>nobis,</strong></span> <span class='ocrx_word' id='word_1_219' title='bbox 1188 2393 1332 2482; x_wconf 76' lang='lat' dir='ltr'><strong>proter·</strong></span> 
     </span>
     <span class='ocr_line' id='line_1_24' title="bbox 162 2494 1331 2581; baseline -0.002 -19"><span class='ocrx_word' id='word_1_220' title='bbox 162 2497 227 2563; x_wconf 84' lang='lat' dir='ltr'><strong>Ad.</strong></span> <span class='ocrx_word' id='word_1_221' title='bbox 244 2497 307 2562; x_wconf 88' lang='grc'><strong>184</strong></span> <span class='ocrx_word' id='word_1_222' title='bbox 328 2498 356 2562; x_wconf 85' lang='lat' dir='ltr'><strong>si</strong></span> <span class='ocrx_word' id='word_1_223' title='bbox 371 2497 453 2561; x_wconf 87' lang='lat' dir='ltr'><strong>satis</strong></span> <span class='ocrx_word' id='word_1_224' title='bbox 475 2497 540 2560; x_wconf 86' lang='lat' dir='ltr'><strong>iam</strong></span> <span class='ocrx_word' id='word_1_225' title='bbox 563 2495 782 2562; x_wconf 84' lang='lat' dir='ltr'><strong>debacchatus</strong></span> <span class='ocrx_word' id='word_1_226' title='bbox 804 2518 857 2580; x_wconf 87' lang='lat' dir='ltr'><strong>es,</strong></span> <span class='ocrx_word' id='word_1_227' title='bbox 879 2494 970 2581; x_wconf 85' lang='lat' dir='ltr'><strong>leno,</strong></span> <span class='ocrx_word' id='word_1_228' title='bbox 993 2496 1092 2577; x_wconf 84' lang='lat' dir='ltr'><strong>audi,</strong></span> <span class='ocrx_word' id='word_1_229' title='bbox 1113 2497 1208 2562; x_wconf 79' lang='lat' dir='ltr'><strong>siris</strong></span> <span class='ocrx_word' id='word_1_230' title='bbox 1221 2505 1331 2560; x_wconf 72' lang='lat' dir='ltr'><strong>nanc</strong></span> 
     </span>
     <span class='ocr_line' id='line_1_25' title="bbox 163 2596 1328 2684; baseline -0.001 -21"><span class='ocrx_word' id='word_1_231' title='bbox 163 2601 237 2674; x_wconf 89' lang='lat' dir='ltr'><strong>iam.</strong></span> <span class='ocrx_word' id='word_1_232' title='bbox 282 2599 346 2663; x_wconf 85' lang='lat'><strong>483</strong></span> <span class='ocrx_word' id='word_1_233' title='bbox 371 2599 469 2663; x_wconf 93' lang='lat' dir='ltr'><strong>immo</strong></span> <span class='ocrx_word' id='word_1_234' title='bbox 497 2597 606 2663; x_wconf 88' lang='lat' dir='ltr'><strong>hercle</strong></span> <span class='ocrx_word' id='word_1_235' title='bbox 633 2609 804 2684; x_wconf 81' lang='lat' dir='ltr'><strong>extorque,</strong></span> <span class='ocrx_word' id='word_1_236' title='bbox 834 2597 899 2664; x_wconf 93' lang='lat' dir='ltr'><strong>nisi</strong></span> <span class='ocrx_word' id='word_1_237' title='bbox 928 2600 976 2664; x_wconf 88' lang='lat' dir='ltr'><strong>ita</strong></span> <span class='ocrx_word' id='word_1_238' title='bbox 1007 2597 1178 2664; x_wconf 80' lang='lat' dir='ltr'><strong>factumst.</strong></span> <span class='ocrx_word' id='word_1_239' title='bbox 1218 2596 1328 2663; x_wconf 68' lang='lat'>&#39;1¹⁸⁶-</span> 
     </span>
     <span class='ocr_line' id='line_1_26' title="bbox 163 2698 729 2783; baseline -0.004 -18"><span class='ocrx_word' id='word_1_240' title='bbox 163 2723 237 2768; x_wconf 88' lang='lat' dir='ltr'><strong>ann.</strong></span> <span class='ocrx_word' id='word_1_241' title='bbox 260 2701 290 2783; x_wconf 84' lang='lat'><strong>3,</strong></span> <span class='ocrx_word' id='word_1_242' title='bbox 315 2699 354 2763; x_wconf 92' lang='grc'><strong>12</strong></span> <span class='ocrx_word' id='word_1_243' title='bbox 376 2701 404 2764; x_wconf 91' lang='lat' dir='ltr'><strong>si</strong></span> <span class='ocrx_word' id='word_1_244' title='bbox 427 2698 581 2766; x_wconf 88' lang='lat' dir='ltr'><strong>dedit-</strong></span> <span class='ocrx_word' id='word_1_245' title='bbox 605 2702 729 2766; x_wconf 87' lang='lat' dir='ltr'><strong>iuvate.</strong></span> 
     </span>
    </p>

    <p class='ocr_par' dir='ltr' id='par_1_8' title="bbox 163 2795 1322 3195">
     <span class='ocr_line' id='line_1_27' title="bbox 249 2795 1322 2890; baseline -0.001 -25"><span class='ocrx_word' id='word_1_246' title='bbox 249 2824 276 2865; x_wconf 91' lang='lat' dir='ltr'><strong>e.</strong></span> <span class='ocrx_word' id='word_1_247' title='bbox 299 2801 400 2866; x_wconf 83' lang='lat' dir='ltr'><strong>Peri.</strong></span> <span class='ocrx_word' id='word_1_248' title='bbox 423 2803 490 2865; x_wconf 89' lang='lat' dir='ltr'><strong>und</strong></span> <span class='ocrx_word' id='word_1_249' title='bbox 518 2802 653 2866; x_wconf 87' lang='lat' dir='ltr'><strong>Praes.</strong></span> <span class='ocrx_word' id='word_1_250' title='bbox 675 2803 720 2865; x_wconf 93' lang='lat' dir='ltr'><strong>im</strong></span> <span class='ocrx_word' id='word_1_251' title='bbox 743 2803 946 2886; x_wconf 79' lang='lat' dir='ltr'><strong>Nebensats,</strong></span> <span class='ocrx_word' id='word_1_252' title='bbox 973 2802 1170 2890; x_wconf 70' lang='lat' dir='ltr'><strong>potentiales</strong></span> <span class='ocrx_word' id='word_1_253' title='bbox 1195 2795 1322 2881; x_wconf 79' lang='lat' dir='ltr'><strong>Oouj·</strong></span> 
     </span>
     <span class='ocr_line' id='line_1_28' title="bbox 164 2896 1321 2990; baseline 0 -24"><span class='ocrx_word' id='word_1_254' title='bbox 164 2904 297 2967; x_wconf 88' lang='lat' dir='ltr'><strong>Praes.</strong></span> <span class='ocrx_word' id='word_1_255' title='bbox 321 2904 367 2966; x_wconf 92' lang='lat' dir='ltr'><strong>im</strong></span> <span class='ocrx_word' id='word_1_256' title='bbox 382 2903 568 2990; x_wconf 85' lang='lat' dir='ltr'><strong>Hauptsatz</strong></span> <span class='ocrx_word' id='word_1_257' title='bbox 590 2927 653 2968; x_wconf 93' lang='lat' dir='ltr'><strong>nur</strong></span> <span class='ocrx_word' id='word_1_258' title='bbox 675 2906 728 2969; x_wconf 90' lang='lat' dir='ltr'><strong>ein</strong></span> <span class='ocrx_word' id='word_1_259' title='bbox 743 2904 812 2970; x_wconf 82' lang='lat' dir='ltr'><strong>Mal</strong></span> <span class='ocrx_word' id='word_1_260' title='bbox 836 2905 889 2968; x_wconf 91' lang='lat' dir='ltr'><strong>bei</strong></span> <span class='ocrx_word' id='word_1_261' title='bbox 911 2905 1026 2970; x_wconf 87' lang='lat' dir='ltr'><strong>Lucr.</strong></span> <span class='ocrx_word' id='word_1_262' title='bbox 1048 2906 1079 2983; x_wconf 89' lang='grc'><strong>2,</strong></span> <span class='ocrx_word' id='word_1_263' title='bbox 1095 2905 1156 2971; x_wconf 85' lang='grc'><strong>757</strong></span> <span class='ocrx_word' id='word_1_264' title='bbox 1178 2896 1321 2968; x_wconf 77' lang='lat' dir='ltr'><strong>sinulls</strong></span> 
     </span>
     <span class='ocr_line' id='line_1_29' title="bbox 163 3001 1317 3093; baseline 0 -23"><span class='ocrx_word' id='word_1_265' title='bbox 163 3004 280 3070; x_wconf 92' lang='lat' dir='ltr'><strong>coloris</strong></span> <span class='ocrx_word' id='word_1_266' title='bbox 309 3005 480 3092; x_wconf 87' lang='lat' dir='ltr'><strong>principiis</strong></span> <span class='ocrx_word' id='word_1_267' title='bbox 503 3017 553 3070; x_wconf 87' lang='lat' dir='ltr'><strong>cst</strong></span> <span class='ocrx_word' id='word_1_268' title='bbox 581 3004 712 3071; x_wconf 80' lang='lat' dir='ltr'><strong>reddita</strong></span> <span class='ocrx_word' id='word_1_269' title='bbox 733 3017 851 3071; x_wconf 88' lang='lat' dir='ltr'><strong>natura</strong></span> <span class='ocrx_word' id='word_1_270' title='bbox 872 3016 905 3071; x_wconf 92' lang='lat' dir='ltr'><strong>et</strong></span> <span class='ocrx_word' id='word_1_271' title='bbox 927 3008 1031 3072; x_wconf 84' lang='lat' dir='ltr'><strong>variis</strong></span> <span class='ocrx_word' id='word_1_272' title='bbox 1059 3017 1137 3073; x_wconf 87' lang='lat' dir='ltr'><strong>sunt</strong></span> <span class='ocrx_word' id='word_1_273' title='bbox 1162 3001 1317 3093; x_wconf 61' lang='lat' dir='ltr'><strong>praediss</strong></span> 
     </span>
     <span class='ocr_line' id='line_1_30' title="bbox 163 3105 1198 3195; baseline 0.004 -26"><span class='ocrx_word' id='word_1_274' title='bbox 163 3105 293 3183; x_wconf 87' lang='lat' dir='ltr'><strong>formis,</strong></span> <span class='ocrx_word' id='word_1_275' title='bbox 316 3107 535 3191; x_wconf 85' lang='lat' dir='ltr'><strong>—perfacile</strong></span> <span class='ocrx_word' id='word_1_276' title='bbox 557 3107 721 3194; x_wconf 84' lang='lat' dir='ltr'><strong>extemplo</strong></span> <span class='ocrx_word' id='word_1_277' title='bbox 743 3110 902 3173; x_wconf 84' lang='lat' dir='ltr'><strong>rationem</strong></span> <span class='ocrx_word' id='word_1_278' title='bbox 923 3109 1062 3173; x_wconf 85' lang='lat' dir='ltr'><strong>reddere</strong></span> <span class='ocrx_word' id='word_1_279' title='bbox 1083 3109 1198 3195; x_wconf 91' lang='lat' dir='ltr'><strong>possis.</strong></span> 
     </span>
    </p>

    <p class='ocr_par' dir='ltr' id='par_1_9' title="bbox 163 3203 1364 4011">
     <span class='ocr_line' id='line_1_31' title="bbox 248 3203 1305 3300; baseline 0.002 -29"><span class='ocrx_word' id='word_1_280' title='bbox 248 3207 272 3272; x_wconf 86' lang='lat' dir='ltr'><strong>f.</strong></span> <span class='ocrx_word' id='word_1_281' title='bbox 305 3208 410 3272; x_wconf 83' lang='lat' dir='ltr'><strong>Pers.</strong></span> <span class='ocrx_word' id='word_1_282' title='bbox 444 3209 488 3272; x_wconf 93' lang='lat' dir='ltr'><strong>im</strong></span> <span class='ocrx_word' id='word_1_283' title='bbox 522 3209 724 3291; x_wconf 84' lang='lat' dir='ltr'><strong>Nebensatz‚</strong></span> <span class='ocrx_word' id='word_1_284' title='bbox 755 3209 889 3275; x_wconf 83' lang='lat' dir='ltr'><strong>irrealcr</strong></span> <span class='ocrx_word' id='word_1_285' title='bbox 922 3210 1037 3300; x_wconf 85' lang='lat' dir='ltr'><strong>Conj.</strong></span> <span class='ocrx_word' id='word_1_286' title='bbox 1070 3208 1227 3299; x_wconf 82' lang='lat' dir='ltr'><strong>Imperi.</strong></span> <span class='ocrx_word' id='word_1_287' title='bbox 1261 3203 1305 3267; x_wconf 74' lang='lat' dir='ltr'><strong>im</strong></span> 
     </span>
     <span class='ocr_line' id='line_1_32' title="bbox 164 3308 1299 3398; baseline 0.008 -25"><span class='ocrx_word' id='word_1_288' title='bbox 164 3308 364 3396; x_wconf 83' lang='lat' dir='ltr'><strong>Hauptsatz:</strong></span> <span class='ocrx_word' id='word_1_289' title='bbox 401 3309 528 3375; x_wconf 89' lang='lat' dir='ltr'><strong>Plaut.</strong></span> <span class='ocrx_word' id='word_1_290' title='bbox 552 3313 689 3395; x_wconf 62' lang='grc'><strong>01814,</strong></span> <span class='ocrx_word' id='word_1_291' title='bbox 716 3312 747 3392; x_wconf 93' lang='grc'><strong>2,</strong></span> <span class='ocrx_word' id='word_1_292' title='bbox 778 3313 818 3376; x_wconf 89' lang='grc'><strong>15</strong></span> <span class='ocrx_word' id='word_1_293' title='bbox 851 3314 880 3377; x_wconf 89' lang='lat' dir='ltr'><strong>si</strong></span> <span class='ocrx_word' id='word_1_294' title='bbox 911 3334 1006 3378; x_wconf 88' lang='lat' dir='ltr'><strong>nemo</strong></span> <span class='ocrx_word' id='word_1_295' title='bbox 1039 3311 1204 3398; x_wconf 82' lang='lat' dir='ltr'><strong>praeteriit</strong></span> <span class='ocrx_word' id='word_1_296' title='bbox 1231 3311 1299 3382; x_wconf 68' lang='lat' dir='ltr'><strong>b⁸⁶r</strong></span> 
     </span>
     <span class='ocr_line' id='line_1_33' title="bbox 163 3413 1296 3499; baseline 0 -23"><span class='ocrx_word' id='word_1_297' title='bbox 163 3422 335 3499; x_wconf 85' lang='lat' dir='ltr'><strong>postquam</strong></span> <span class='ocrx_word' id='word_1_298' title='bbox 351 3413 435 3478; x_wconf 88' lang='lat' dir='ltr'><strong>intro</strong></span> <span class='ocrx_word' id='word_1_299' title='bbox 451 3415 529 3494; x_wconf 85' lang='lat' dir='ltr'><strong>sbii,</strong></span> <span class='ocrx_word' id='word_1_300' title='bbox 544 3413 671 3479; x_wconf 87' lang='lat' dir='ltr'><strong>cistella</strong></span> <span class='ocrx_word' id='word_1_301' title='bbox 686 3413 739 3478; x_wconf 91' lang='lat' dir='ltr'><strong>hic</strong></span> <span class='ocrx_word' id='word_1_302' title='bbox 753 3414 884 3479; x_wconf 86' lang='lat' dir='ltr'><strong>iaceret.</strong></span> <span class='ocrx_word' id='word_1_303' title='bbox 908 3414 1024 3479; x_wconf 88' lang='lat' dir='ltr'><strong>Lucr.</strong></span> <span class='ocrx_word' id='word_1_304' title='bbox 1043 3417 1071 3498; x_wconf 87' lang='lat'><strong>1,</strong></span> <span class='ocrx_word' id='word_1_305' title='bbox 1086 3416 1149 3480; x_wconf 85' lang='grc'><strong>645</strong></span> <span class='ocrx_word' id='word_1_306' title='bbox 1162 3433 1230 3477; x_wconf 78' lang='lat' dir='ltr'><strong>nam</strong></span> <span class='ocrx_word' id='word_1_307' title='bbox 1244 3422 1296 3470; x_wconf 76' lang='lat'><strong>0¹11</strong></span> 
     </span>
     <span class='ocr_line' id='line_1_34' title="bbox 164 3515 1289 3604; baseline 0 -25"><span class='ocrx_word' id='word_1_308' title='bbox 164 3525 231 3579; x_wconf 84' lang='lat' dir='ltr'><strong>tam</strong></span> <span class='ocrx_word' id='word_1_309' title='bbox 247 3515 360 3580; x_wconf 87' lang='lat' dir='ltr'><strong>variae</strong></span> <span class='ocrx_word' id='word_1_310' title='bbox 374 3536 426 3578; x_wconf 91' lang='lat' dir='ltr'><strong>res</strong></span> <span class='ocrx_word' id='word_1_311' title='bbox 449 3527 581 3601; x_wconf 86' lang='lat' dir='ltr'><strong>possent</strong></span> <span class='ocrx_word' id='word_1_312' title='bbox 596 3538 678 3599; x_wconf 87' lang='lat' dir='ltr'><strong>essa,</strong></span> <span class='ocrx_word' id='word_1_313' title='bbox 694 3516 835 3604; x_wconf 82' lang='lat' dir='ltr'><strong>requiro,</strong></span> <span class='ocrx_word' id='word_1_314' title='bbox 852 3538 895 3580; x_wconf 88' lang='lat' dir='ltr'><strong>ex</strong></span> <span class='ocrx_word' id='word_1_315' title='bbox 908 3539 974 3583; x_wconf 88' lang='lat' dir='ltr'><strong>uno</strong></span> <span class='ocrx_word' id='word_1_316' title='bbox 991 3519 1021 3581; x_wconf 90' lang='lat' dir='ltr'><strong>si</strong></span> <span class='ocrx_word' id='word_1_317' title='bbox 1035 3526 1113 3582; x_wconf 91' lang='lat' dir='ltr'><strong>sunt</strong></span> <span class='ocrx_word' id='word_1_318' title='bbox 1125 3516 1191 3602; x_wconf 75' lang='lat' dir='ltr'><strong>igni</strong></span> <span class='ocrx_word' id='word_1_319' title='bbox 1208 3527 1289 3599; x_wconf 79' lang='lat' dir='ltr'><strong>pure</strong></span> 
     </span>
     <span class='ocr_line' id='line_1_35' title="bbox 163 3616 1364 3704; baseline -0.001 -24"><span class='ocrx_word' id='word_1_320' title='bbox 163 3638 225 3704; x_wconf 90' lang='lat' dir='ltr'><strong>que</strong></span> <span class='ocrx_word' id='word_1_321' title='bbox 248 3617 371 3681; x_wconf 78' lang='lat' dir='ltr'><strong>creati?</strong></span> <span class='ocrx_word' id='word_1_322' title='bbox 414 3618 444 3698; x_wconf 89' lang='grc'><strong>5,</strong></span> <span class='ocrx_word' id='word_1_323' title='bbox 468 3617 529 3682; x_wconf 89' lang='grc'><strong>185</strong></span> <span class='ocrx_word' id='word_1_324' title='bbox 550 3618 693 3704; x_wconf 89' lang='lat' dir='ltr'><strong>quidque</strong></span> <span class='ocrx_word' id='word_1_325' title='bbox 707 3619 793 3682; x_wconf 89' lang='lat' dir='ltr'><strong>inter</strong></span> <span class='ocrx_word' id='word_1_326' title='bbox 807 3639 879 3682; x_wconf 88' lang='lat' dir='ltr'><strong>sese</strong></span> <span class='ocrx_word' id='word_1_327' title='bbox 900 3627 1084 3704; x_wconf 82' lang='lat' dir='ltr'><strong>permutato</strong></span> <span class='ocrx_word' id='word_1_328' title='bbox 1103 3616 1210 3683; x_wconf 86' lang='lat' dir='ltr'><strong>ordine</strong></span> <span class='ocrx_word' id='word_1_329' title='bbox 1227 3627 1283 3698; x_wconf 85' lang='lat' dir='ltr'><strong>pos·</strong></span> <span class='ocrx_word' id='word_1_330' title='bbox 1362 3668 1364 3674; x_wconf 63' lang='grc'>,</span> 
     </span>
     <span class='ocr_line' id='line_1_36' title="bbox 165 3714 1364 3805; baseline 0 -22"><span class='ocrx_word' id='word_1_331' title='bbox 165 3728 251 3804; x_wconf 85' lang='lat' dir='ltr'><strong>sent,</strong></span> <span class='ocrx_word' id='word_1_332' title='bbox 274 3721 302 3783; x_wconf 93' lang='lat' dir='ltr'><strong>si</strong></span> <span class='ocrx_word' id='word_1_333' title='bbox 325 3741 390 3783; x_wconf 92' lang='lat' dir='ltr'><strong>non</strong></span> <span class='ocrx_word' id='word_1_334' title='bbox 411 3721 483 3805; x_wconf 90' lang='lat' dir='ltr'><strong>ipsa</strong></span> <span class='ocrx_word' id='word_1_335' title='bbox 505 3718 597 3784; x_wconf 89' lang='lat' dir='ltr'><strong>dedit</strong></span> <span class='ocrx_word' id='word_1_336' title='bbox 620 3721 784 3805; x_wconf 90' lang='lat' dir='ltr'><strong>specimen</strong></span> <span class='ocrx_word' id='word_1_337' title='bbox 806 3731 924 3786; x_wconf 88' lang='lat' dir='ltr'><strong>natura</strong></span> <span class='ocrx_word' id='word_1_338' title='bbox 945 3719 1090 3785; x_wconf 86' lang='lat' dir='ltr'><strong>creandi.</strong></span> <span class='ocrx_word' id='word_1_339' title='bbox 1132 3719 1170 3784; x_wconf 92' lang='lat' dir='ltr'><strong>In</strong></span> <span class='ocrx_word' id='word_1_340' title='bbox 1192 3714 1277 3780; x_wconf 63' lang='lat' dir='ltr'><strong>diestn</strong></span> <span class='ocrx_word' id='word_1_341' title='bbox 1357 3748 1364 3783; x_wconf 87' lang='lat'><strong>·:</strong></span> 
     </span>
     <span class='ocr_line' id='line_1_37' title="bbox 164 3811 1273 3907; baseline -0.001 -23"><span class='ocrx_word' id='word_1_342' title='bbox 164 3819 235 3885; x_wconf 92' lang='lat' dir='ltr'><strong>drei</strong></span> <span class='ocrx_word' id='word_1_343' title='bbox 258 3819 381 3886; x_wconf 82' lang='lat' dir='ltr'><strong>Stellen</strong></span> <span class='ocrx_word' id='word_1_344' title='bbox 402 3820 485 3885; x_wconf 87' lang='lat' dir='ltr'><strong>wird</strong></span> <span class='ocrx_word' id='word_1_345' title='bbox 508 3822 581 3886; x_wconf 89' lang='lat' dir='ltr'><strong>eine</strong></span> <span class='ocrx_word' id='word_1_346' title='bbox 602 3824 647 3886; x_wconf 91' lang='lat' dir='ltr'><strong>im</strong></span> <span class='ocrx_word' id='word_1_347' title='bbox 662 3821 851 3888; x_wconf 82' lang='lat' dir='ltr'><strong>Nebensatu</strong></span> <span class='ocrx_word' id='word_1_348' title='bbox 872 3822 1070 3907; x_wconf 80' lang='lat' dir='ltr'><strong>sngefiihrte</strong></span> <span class='ocrx_word' id='word_1_349' title='bbox 1090 3811 1273 3888; x_wconf 61' lang='grc' dir='ltr'><strong>14114181οῐ-</strong></span> 
     </span>
     <span class='ocr_line' id='line_1_38' title="bbox 164 3923 991 4011; baseline 0.005 -25"><span class='ocrx_word' id='word_1_350' title='bbox 164 3933 364 4007; x_wconf 83' lang='lat' dir='ltr'><strong>aussctzung</strong></span> <span class='ocrx_word' id='word_1_351' title='bbox 387 3923 489 3988; x_wconf 90' lang='lat' dir='ltr'><strong>durch</strong></span> <span class='ocrx_word' id='word_1_352' title='bbox 512 3923 576 3988; x_wconf 90' lang='lat' dir='ltr'><strong>den</strong></span> <span class='ocrx_word' id='word_1_353' title='bbox 600 3923 787 4009; x_wconf 85' lang='lat' dir='ltr'><strong>Hauptsatz</strong></span> <span class='ocrx_word' id='word_1_354' title='bbox 810 3924 991 4011; x_wconf 85' lang='lat' dir='ltr'><strong>widerlegt.</strong></span> 
     </span>
    </p>
   </div>
   <div class='ocr_carea' id='block_1_3' title="bbox 0 0 1485 4988">
    <p class='ocr_par' dir='ltr' id='par_1_10' title="bbox 0 0 1485 4988">
     <span class='ocr_line' id='line_1_39' title="bbox 0 0 1485 4988; baseline 0 0"><span class='ocrx_word' id='word_1_355' title='bbox 0 0 1485 4988; x_wconf 95' lang='lat' dir='ltr'><strong> </strong></span> 
     </span>
    </p>
   </div>
  </div>
 </body>
</html>
