2948 4988
651 309 883 374 -415-

282 482 306 560 ξ.
327 479 402 544 453.
448 480 501 543 An
533 478 587 543 die
610 477 709 544 Stelle
737 478 794 543 des
819 481 937 544 Aecus.
961 502 987 544 c.
1012 478 1067 541 inf.
1097 479 1169 543 tritt
1197 481 1229 543 in
1257 482 1337 545 zwei

142 585 331 648 Formen
353 583 407 646 ein
432 581 577 646 Verbum
601 580 728 646 finitum
752 583 817 644 und
837 603 929 673 'zwsr

284 685 306 746 1.
329 685 374 745 irn
390 682 601 748 Indioativ
624 683 683 745 mit
705 680 896 747 medalem
913 682 1174 766 Zwisohensatz,
1198 685 1256 748 der
1279 684 1337 748 das

144 794 287 848 sonet
305 781 498 868 regierende
520 782 665 848 Verbum
689 781 824 848 enthtilt.
869 782 1061 848 Autfallend
1090 784 1133 847 ist
1155 785 1224 848 dies
1247 783 1338 850 nicht

148 888 198 949 in
245 884 386 961 Sttaen,
411 887 473 950 wie
488 886 568 950 Cic.
585 907 616 970 p.
635 884 827 966 01555152,
851 906 962 965 nemo,
985 890 1021 948 at
1042 886 1163 966 opinor,
1185 886 1219 948 in
1242 884 1338 970 eulpa

153 997 232 1049 est.
272 986 376 1069 (stattr
401 987 562 1051 neminem
586 1008 638 1071 op.
662 989 695 1049 in
710 1007 737 1049 c.
755 987 853 1069 esse).
900 984 1117 1069 Dergleichen
1142 986 1335 1052 findetsich

158 1085 318 1151 iiberall
351 1088 418 1151 und
452 1087 536 1151 wird
565 1086 619 1152 bei
647 1087 709 1150 den
733 1085 959 1152 Modalstttzen
989 1086 1202 1171 besprochen.
1247 1089 1339 1153 Aber

167 1187 422 1270 ungendulich
446 1189 491 1252 ist
514 1188 622 1253 dieser
638 1188 901 1267 Zwischensatz,
925 1211 1018 1252 wenn
1034 1211 1069 1252 er
1091 1188 1263 1252 innerhalb
1279 1189 1336 1253 des

168 1287 243 1351 Re
257 1287 502 1355 lativsatzes
525 1291 627 1371 steht,
643 1289 733 1353 nicht
749 1288 851 1354 selten
864 1289 983 1376 jedoch
1002 1290 1053 1354 bei
1066 1289 1223 1357 Cicero:
1243 1289 1336 1354 Verr.

175 1389 209 1468 5,
240 1389 290 1453 45
309 1413 403 1477 quos,
427 1402 464 1456 ut
487 1390 566 1454 mihi
589 1389 719 1454 videtur
744 1428 781 1437 —
805 1391 938 1455 fortuna
960 1392 1152 1455 reservavit.
1197 1414 1227 1476 p.
1251 1391 1334 1454 Sest.

180 1489 225 1551 52
258 1494 326 1576 qui,
349 1505 385 1556 ut
408 1491 524 1573 credo,
550 1529 587 1539 -
612 1490 714 1556 duxit
759 1515 790 1577 p.
815 1493 935 1556 Scauro
958 1495 1025 1574 §.4
1047 1492 1082 1555 in
1105 1514 1185 1578 quo,
1209 1504 1245 1556 nt
1267 1491 1335 1577 opi·

185 1610 268 1673 nor,
295 1592 440 1658 Socrates
463 1590 690 1677 -permulta
718 1592 873 1680 disputat.
918 1593 1009 1657 acad.
1034 1594 1105 1670 2,7
1141 1614 1236 1678 quam
1265 1614 1334 1670 nos,

189 1699 226 1752 ut
254 1694 330 1776 suis,
351 1696 539 1782 probamus.
570 1694 637 1758 div.
652 1693 683 1775 2,
699 1694 742 1758 69
764 1716 872 1780 quam,
896 1705 932 1758 ut
954 1694 1041 1773 dixi,
1066 1704 1185 1759 vocant
1208 1691 1336 1776 συμπά·
1419 1735 1422 1743 -

196 1793 306 1857 demo.
340 1796 380 1860 de
402 1817 449 1859 or.
472 1795 508 1876 2,
532 1797 574 1860 35
605 1795 677 1882 qui,
707 1805 743 1858 ut
770 1797 895 1881 opinor,
924 1794 1015 1858 nulla
1042 1795 1123 1858 dant
1151 1806 1336 1882 praecepta.

201 1889 253 1951 off.
280 1895 306 1976 2,
329 1898 366 1960 14
387 1918 487 1983 quae,
510 1906 547 1959 ut
569 1899 650 1979 scis,
676 1906 786 1960 exstat
808 1898 922 1961 oratio.
968 1895 1044 1965 fam.
1069 1898 1098 1972 7,
1114 1897 1179 1978 3,1
1204 1899 1238 1960 in
1261 1880 1353 1983 qui·¹

205 1990 263 2056 bus
278 2005 426 2063 totannos
444 2018 610 2062 versamur
622 2007 664 2076 et,
677 2005 714 2061 ut
731 1997 839 2077 video,
862 1998 1075 2063 versabimur.
1110 2000 1179 2062 Att.
1201 1999 1232 2080 5,
1247 1997 1299 2077 20,
1316 1999 1336 2060 9

207 2111 306 2175 quem,
325 2111 360 2165 ut
379 2108 476 2188 puto,
500 2098 636 2162 Romam
660 2100 795 2166 mittam.
840 2100 868 2170 6,
895 2101 922 2175 1,
945 2100 987 2163 25
1014 2101 1049 2163 in
1071 2121 1150 2183 quo,
1180 2109 1216 2162 ut
1237 2100 1335 2163 audio

210 2226 240 2238 -
263 2200 453 2286 suscepistis.
498 2199 612 2266 Oet'ter
633 2200 738 2280 nicht,
762 2201 815 2264 bei
837 2200 980 2263 anderen
1003 2204 1151 2264 Autoren
1174 2200 1261 2263 finde
1283 2198 1335 2263 ioh

213 2289 292 2362 diese
309 2301 533 2367 relativischen
550 2301 754 2366 Sataformen
778 2299 859 2364 noch
883 2301 1036 2365 seltener:
1062 2302 1193 2387 Nepos
1210 2302 1260 2377 25,
1282 2302 1331 2382 10,

215 2390 314 2482 toni,
339 2414 374 2469 ut
401 2404 620 2484 ostendimus,
655 2401 764 2489 paullo
792 2413 867 2467 ante
890 2423 984 2488 opem
1007 2401 1136 2470 tulerat.
1182 2400 1277 2466 Vell.
1301 2403 1333 2483 2,

216 2492 255 2576 44,
277 2501 440 2591 2quibus,
470 2515 506 2569 ut
527 2505 765 2589 praediximus,
789 2503 883 2567 multi
906 2505 1143 2568 obtrectabant.
1186 2507 1260 2568 Sen.
1278 2527 1330 2589 qu.

218 2602 319 2683 nat.5‚
342 2606 395 2689 12,
422 2611 435 2671 1
466 2608 521 2693 qui
550 2606 625 2687 hoe,
654 2614 691 2668 ut
718 2617 810 2690 puto,
841 2603 936 2668 modo
964 2604 1056 2668 fiunt.
1102 2604 1248 2670 Petron
1275 2607 1334 2668 136

159 2728 163 2735 ·
220 2712 324 2770 anseres
351 2747 387 2755 -
418 2709 492 2795 qui,
520 2716 558 2772 ut
583 2717 680 2794 puto,
710 2704 859 2770 solebant
887 2706 928 2769 ab
966 2727 1029 2769 anu
1058 2706 1163 2770 diaria
1191 2706 1334 2789 exigere.

222 2790 308 2867 Suet,
326 2807 397 2874 Tib.
415 2809 457 2872 70
479 2807 567 2894 quod
590 2830 693 2892 genus
717 2807 882 2871 hominum
906 2808 1094 2893 praecipue,
1118 2818 1154 2872 ut
1178 2807 1334 2888 diximus,

222 2907 375 2981 alllelebat.
420 2908 534 2996 Apul.
559 2918 634 2974 met.
658 2909 689 2992 5,
713 2912 750 2972 11
774 2931 873 2994 quos,
900 2921 936 2972 ut
964 2910 1024 2972 tibi
1053 2931 1150 2993 saepe
1173 2910 1334 2994 praedixi,

211 3011 269 3101 '¹1⁰³
288 3009 414 3076 videbis.

159 3124 162 3129 '
287 3106 312 3173 2.
331 3112 417 3178 Statt
439 3113 497 3177 des
521 3110 640 3177 Accus.
658 3135 685 3176 c.
702 3112 759 3181 inf,
783 3112 885 3176 findet
907 3111 977 3175 sich
1002 3112 1083 3176 nach
1107 3112 1180 3176 dem
1204 3134 1333 3198 compa·

223 3198 320 3274 retinen
345 3236 443 3297 quom
470 3215 528 3278 der
557 3214 757 3300 Oonjunctiv
786 3214 846 3276 mit
875 3213 954 3277 oder
982 3215 1065 3276 ohne
1092 3219 1136 3278 ut.
1181 3217 1252 3278 Ans
1276 3214 1334 3277 der

224 3300 399 3380 archuischeu
413 3317 595 3380 Litteratur
616 3315 660 3378 ist
675 3316 737 3378 mir
752 3314 851 3379 keine
863 3314 963 3378 Stelle
979 3314 1140 3397 bekannt3
1164 3316 1217 3379 die
1234 3315 1330 3378 Klas-

226 3395 291 3471 11181
307 3413 408 3481 haben
430 3416 513 3481 noch
537 3416 591 3479 die
613 3414 812 3500 regelrechte
835 3416 1139 3493 Infinitivstructur,
1169 3417 1230 3480 wie
1254 3416 1333 3480 Oic.

227 3494 321 3595 111112,
340 3519 422 3598 1.6,3
445 3539 551 3582 nonne
574 3518 633 3582 tibi
657 3517 820 3582 affirmavi
844 3518 975 3603 quidvis
999 3540 1049 3581 me
1072 3520 1179 3603 potius
1202 3540 1333 3603 perpes·

175 3692 185 3713 ⁴
228 3619 308 3678 turum
326 3642 422 3707 quam
446 3641 488 3683 ex
511 3618 609 3682 Italia
632 3620 672 3683 ad
697 3617 816 3682 bellum
839 3617 936 3682 civile
959 3641 1009 3681 me
1033 3618 1221 3684 exiturum?
1263 3623 1333 3683 Att.

178 3778 181 3783 .
228 3702 339 3799 2›20‚3
368 3720 461 3786 addit
488 3720 585 3784 etiam
614 3743 649 3783 se
678 3721 767 3804 prius
797 3721 939 3784 occisum
969 3721 1009 3783 iri
1036 3723 1078 3785 ab
1102 3744 1139 3785 eo
1164 3743 1260 3805 quam
1284 3742 1334 3783 me

229 3807 350 3886 violatum
371 3825 423 3888 iri.
468 3822 577 3886 Caes.
603 3823 633 3885 b.
656 3844 682 3886 c.
706 3823 736 3900 3,
759 3821 801 3884 49
829 3822 918 3907 prius
947 3843 981 3884 se
1004 3824 1123 3886 cortice
1147 3844 1188 3884 ex
1212 3823 1333 3884 arbori·
1440 3834 1442 3838 ’

227 3908 418 3988 breviaturus
441 3945 536 4010 quam
561 3923 751 4009 Pompeium
775 3944 792 3986 e
816 3923 964 3986 manibus
987 3923 1189 3986 dimissuros.
1236 3922 1333 3985 Dann

220 4010 372 4109 aberfolgt
393 4046 491 4107 quom
514 4025 572 4088 mit
594 4024 667 4088 dem
691 4025 891 4110 Conjunctiv
924 4025 972 4087 bei
997 4023 1094 4087 Sall.
1119 4023 1192 4105 Jug.
1219 4023 1289 4101 106,
1312 4025 1332 4085 3

222 4138 377 4190 mansurum
408 4127 516 4211 potius
545 4147 639 4212 quam
666 4162 700 4172 -
726 4127 815 4188 vitae
837 4136 992 4210 parceret.
1040 4125 1121 4190 Sehr
1143 4122 1256 4207 hiiufig
1279 4123 1333 4187 bei

142 4270 144 4277 ι
217 4222 351 4309 Livius,
380 4226 440 4291 der
468 4227 553 4292 nach
577 4226 732 4292 Belieben
755 4247 852 4308 quom
873 4233 908 4290 ut
930 4226 1010 4290 oder
1031 4249 1093 4289 nur
1114 4234 1331 4306 quom-setzt:

212 4326 291 4409 2,34
319 4329 407 4416 ipsos
441 4330 550 4416 potius
581 4329 720 4394 cultores
751 4350 903 4411 agrorum
932 4329 1002 4391 fore
1030 4349 1126 4412 quarn
1150 4336 1187 4389 ut
1210 4364 1246 4372 —
1272 4324 1332 4389 coli

204 4431 394 4526 prohibeant.
438 4432 506 4512 4,2
528 4430 768 4497 dimicationem
793 4430 957 4495 subituros
980 4430 1083 4496 fuisse
1106 4428 1212 4519 potius
1236 4450 1332 4517 quam
