2924 4994
608 312 838 377 -670-

153 482 233 548 mals
262 481 453 549 vorhanden
479 502 631 567 gewesen
658 489 756 546 wilre.
801 479 919 546 Genau
941 480 1045 546 demit
1072 480 1304 546 ubereinstim·

153 585 252 649 mend
274 585 319 650 ist
334 583 526 670 Plin.'pan.
540 584 584 647 40
606 582 743 648 effecisti
757 604 799 647 ne
820 581 922 648 malos
945 583 1109 671 principes
1133 579 1303 647 habuisse

153 709 236 751 mus.
273 685 316 751 25
337 687 505 773 provisum
528 685 657 772 nequis
680 706 788 770 aeger,
810 686 939 771 nequis
955 693 1147 772 occupatus,
1170 683 1304 770 nequis

154 788 295 875 denique
316 788 412 872 longe
434 786 553 852 fuisset
575 787 611 874 (i.
635 809 661 853 e.
686 788 823 873 nequis
846 808 919 851 cum
942 787 1062 851 damno
1085 808 1145 851 suo
1168 787 1306 850 sentiret

155 913 191 955 se
212 891 327 954 fuisse.
361 887 1008 974 Vgl.Kraut,·Progr.Schdntha11872,
1031 885 1066 953 S.
1082 888 1149 970 34).
1178 888 1224 952 28
1246 909 1307 952 nec

153 991 216 1083 tibi
243 990 327 1054 bene
349 988 493 1054 faciendi
515 990 581 1054 fuit
601 1012 717 1075 causa,
745 1000 784 1056 ut
804 1011 888 1077 quae
916 988 1001 1054 male
1022 989 1307 1076 feceras-impune

155 1093 299 1157 fecisses.

239 1191 315 1258 Alle
337 1192 426 1256 diese
450 1191 573 1258 Stellen
600 1191 700 1258 fallen
721 1214 783 1257 uns
812 1215 873 1257 nur
896 1190 1033 1258 deshalb
1061 1192 1137 1273 auf,
1166 1190 1245 1258 weil
1271 1193 1306 1256 in

154 1294 254 1361 ilinen
276 1295 337 1359 mit
364 1293 601 1359 rhetorisohem
623 1293 732 1361 Affect
759 1295 831 1359 eine
859 1293 1026 1358 frithere
1053 1292 1198 1358 Absioht
1227 1295 1307 1359 oder

155 1395 336 1480 Handlung
358 1396 407 1460 als
423 1395 608 1463 verniohtet
622 1396 813 1482 dargestellt
826 1396 918 1461 wird.
952 1395 1110 1481 Weniger
1126 1395 1307 1461 bemerken

155 1500 216 1564 wir
237 1497 363 1564 Stellen
384 1498 446 1562 wie
468 1497 556 1563 Tac.
573 1520 647 1563 ann.
669 1498 701 1580 3,
717 1498 757 1563 67
779 1519 820 1562 ao
841 1517 939 1583 saepe
962 1497 1060 1564 etiam
1082 1497 1307 1564 confitendum

157 1609 238 1682 erat,
261 1621 303 1664 ne
326 1598 449 1664 frustra
470 1601 653 1685 quaesisset
676 1598 818 1685 („damit
840 1622 877 1665 er
898 1599 989 1664 nicht
1002 1608 1152 1665 umsonst
1172 1600 1308 1685 gefragt

156 1701 305 1784 hatte“).

241 1805 271 1883 ξ.
286 1802 359 1870 545.
393 1803 582 1867 Finalstttne
604 1802 664 1867 mit
684 1807 721 1868 ot
741 1803 776 1866 in
799 1801 857 1866 der
872 1802 972 1867 Form
994 1803 1085 1867 einer
1099 1801 1308 1868 Nominal·

157 1905 275 1988 fraga
302 1904 444 1988 gehdren
471 1902 647 1988 eigentlich
675 1904 750 1968 dem
776 1903 1000 1970 rhetorischen
1022 1903 1104 1970 Stilo
1133 1927 1193 1983 an,
1224 1905 1307 1972 doch

157 2014 233 2091 sagt
255 2004 356 2071 achon
378 2004 532 2070 Terens
563 2004 733 2070 11111572
762 2014 798 2070 ut
820 2027 878 2093 pro
906 2004 963 2071 illo
992 2005 1123 2071 iubeam
1151 2029 1206 2072 me
1232 2005 1308 2072 illoc

158 2107 279 2172 ducier.
297 2107 308 2191 l
336 2106 400 2172 Pro
422 2104 617 2172 eunuchon?
642 2108 653 2192 l
678 2107 734 2171 Sic
756 2115 815 2171 est.
839 2107 850 2191 fl
877 2107 967 2189 Quid
990 2129 1032 2173 ex
1054 2129 1093 2173 ea
1114 2130 1151 2173 re
1173 2108 1307 2175 tandem

156 2218 193 2274 ut
226 2229 360 2295 caperes
393 2207 578 2274 commodi?
611 2209 715 2291 („um
748 2208 892 2274 welchen
927 2208 1077 2275 Vortheil
1110 2209 1234 2276 darana
1268 2232 1308 2275 au

31 2354 35 2361 -
158 2309 341 2395 niehen?“)
386 2310 463 2375 Cio.
486 2331 517 2373 n.
542 2307 616 2374 d.3
644 2312 676 2390 ξ.
700 2311 742 2374 74
767 2311 935 2376 veniamus
963 2311 997 2373 in
1025 2310 1150 2393 forum3
1179 2334 1308 2378 sessum

157 2414 182 2478 it
211 2421 356 2499 praetor,
385 2410 465 2498 quid
491 2421 529 2477 ut
554 2411 740 2476 iudicetur?
777 2435 807 2499 p.
831 2411 929 2477 Font.
954 2411 1009 2495 10,
1036 2412 1080 2477 22
1108 2434 1169 2478 vos
1199 2424 1309 2479 tamen

158 2536 230 2578 oum
260 2512 366 2580 Gallis
395 2514 503 2577 iurare
531 2511 678 2577 malitis?
706 2513 784 2600 quid
811 2522 847 2578 ut
876 2515 979 2578 secuti
1007 2535 1080 2579 esse
1103 2514 1308 2581 videamini?

157 2639 189 2703 p.
213 2614 299 2680 Tull.
324 2618 353 2696 ξ.
375 2615 417 2678 55
444 2635 541 2700 quam
564 2613 606 2679 ob
629 2613 786 2678 causam?
814 2614 895 2700 quid
916 2624 954 2680 ut
975 2616 1198 2702 proficerent?
1236 2620 1307 2683 Att.

159 2718 193 2800 7,
217 2717 293 2800 ?,l
327 2716 493 2802 depugna,
521 2715 645 2801 inquis,
678 2716 788 2800 potius
816 2738 913 2802 quam
943 2718 1080 2784 servias.
1127 2719 1172 2784 Ut
1201 2718 1308 2806 quid?

158 2817 351 2903 („wozu?“)
385 2816 471 2881 Liv.
494 2817 525 2899 4,
547 2816 599 2899 49,
624 2817 664 2881 15
685 2818 819 2904 incipite
842 2817 961 2883 deinde
983 2820 1106 2901 mirari,
1132 2841 1191 2884 cur
1214 2823 1309 2907 pauci

158 2922 223 2983 iam
250 2928 393 2984 vestram
424 2917 604 3004 suscipiant
630 2939 779 3001 causam3
812 2920 890 3005 quid
917 2928 955 2984 ut
981 2941 1003 2983 a
1024 2920 1120 2986 vobis
1151 2923 1307 3009 sperent?

157 3020 314 3104 40,13,4
336 3030 373 3084 ut
394 3020 513 3106 quibus
535 3018 607 3082 aliis
624 3019 743 3084 deinde
765 3021 867 3086 sacris
890 3057 931 3071 —-
953 3031 1095 3087 mentem
1114 3023 1308 3110 expiarem?

158 3122 216 3200 44,
238 3121 295 3198 39,
318 3121 339 3184 b
364 3130 401 3185 ut
429 3142 493 3206 quo
522 3121 660 3186 victores
689 3143 747 3186 nos
776 3122 1020 3208 reciperemus?
1063 3123 1230 3191 Unsicher
1256 3127 1307 3190 bei

160 3224 250 3286 Tac.
272 3243 347 3286 ann.
373 3224 421 3303 14,
444 3223 486 3286 43
509 3231 545 3287 ut
566 3244 662 3309 quem
685 3222 828 3308 dignitas
852 3246 913 3288 sua
934 3224 1093 3291 defendat
1116 3235 1173 3291 ott.

244 3323 344 3389 Sonat
366 3324 456 3388 nicht
478 3322 636 3388 bekannt.
663 3390 672 3397 ,

243 3429 272 3507 ξ.
301 3425 374 3490 546.
419 3425 484 3488 Εἰιι
518 3424 631 3489 finales
659 3447 698 3491 ne
725 3425 785 3490 mit
813 3426 1098 3512 voraufgehender
1128 3430 1307 3517 Brachy-

158 3525 264 3612 logie
286 3526 329 3592 ist
355 3525 497 3590 hiennd
521 3524 564 3588 da
592 3528 653 3591 seit
676 3527 790 3592 Cicero
819 3551 861 3592 zu
889 3527 1085 3594 bemerken:
1116 3529 1172 3594 fin.
1199 3534 1233 3610 l,
1258 3531 1305 3612 13,

158 3628 200 3692 43
222 3649 319 3713 quam
341 3638 449 3692 autem
472 3649 533 3712 ego
556 3629 663 3692 dicam
685 3628 902 3715 voluptatem,
932 3632 998 3695 iam
1021 3631 1160 3715 videtis,
1191 3655 1233 3697 ne
1260 3633 1305 3697 in·

159 3729 250 3792 vidia
272 3729 365 3793 verbi
388 3727 605 3794 labefactetur
627 3730 731 3795 oratio
753 3751 826 3794 mea
849 3732 884 3819 (i.
902 3754 929 3799 e.
951 3731 1014 3796 hoe
1035 3732 1111 3799 ideo
1136 3733 1222 3817 dico,
1244 3732 1304 3819 ne).

159 3829 195 3912 2,
217 3830 274 3912 24,
298 3830 337 3894 77
361 3829 441 3893 mihi
464 3829 596 3914 quidem
619 3851 676 3894 eae
702 3852 802 3896 verae
822 3830 977 3899 videntur
1007 3833 1197 3919 opiniones,
1227 3857 1305 3922 qnae

159 3929 314 3994 honestae
336 3969 377 3977 —
400 3931 474 4009 sint,
489 3951 538 4028 ne
560 3930 595 3993 id
617 3953 683 3994 non
705 3933 828 4018 pudeat
850 3934 982 4017 sentire,
1003 3936 1091 4020 quod
1115 3935 1242 4024 pudeat
1261 3937 1304 4002 di·

159 4052 242 4094 cere.
275 4028 428 4116 (Madvig
443 4028 583 4094 erkldrt:
606 4053 679 4095 nam
702 4034 765 4097 nisi
781 4035 827 4098 ita
842 4035 1063 4114 statuerimus,
1086 4061 1154 4103 non
1169 4038 1302 4124 pudebit

160 4131 281 4195 sentire
303 4135 373 4211 ott.)
419 4130 514 4194 Tuae.
540 4132 578 4212 1,
605 4134 660 4214 17,
682 4133 723 4196 41
751 4134 868 4199 horum
895 4136 998 4220 igitur
1024 4137 1152 4225 aliquid
1181 4143 1302 4206 animus

160 4239 223 4310 est,
256 4254 297 4295 ne
329 4242 396 4296 tam
423 4239 543 4314 vegeta
574 4254 665 4296 mens
693 4234 727 4296 in
757 4236 856 4300 corde
889 4238 1065 4304 cerebrove
1088 4278 1131 4290 -
1156 4241 1301 4308 demersa

160 4330 265 4394 iaceat
279 4330 372 4412 („das
389 4352 468 4415 sago
483 4331 536 4395 ich
551 4329 697 4416 deshalb,
712 4331 819 4400 damit
838 4360 915 4403 man
929 4340 1019 4405 nicht
1034 4340 1165 4426 glaube,
1181 4343 1300 4428 dass“).

244 4428 319 4495 Von
342 4431 483 4495 anderes·
497 4431 560 4496 Art
582 4433 648 4496 und
664 4434 742 4498 weit
763 4435 893 4504 kithner
914 4444 959 4506 ist
980 4442 1069 4507 disse
1083 4443 1302 4529 Verkiirzung
