2948 4988
571 282 781 348 ..97-

101 433 261 519 seriptum
290 442 341 496 est
368 433 425 496 ita.
476 431 518 495 de
545 443 627 497 orat.
655 432 687 514 3,
717 431 767 513 12,
800 431 844 495 45
872 431 1024 516 equidem
1052 454 1126 496 eum
1154 431 1253 495 audio

102 555 233 598 sermm
257 555 364 598 meam
386 533 531 598 Laeliam
556 533 699 615 (facilius
722 535 807 596 enim
830 531 980 596 mulieres
1004 537 1077 616 —);
1101 531 1254 596 sedeam
1364 552 1367 557 ·

101 635 151 699 sie
173 633 287 716 audio,
309 644 347 699 ut
367 633 521 700 Plautum
543 644 601 701 ett.
646 633 743 700 Tuse.
765 635 795 711 5,
817 633 871 714 22,
894 633 935 697 63
952 634 1151 699 musicorum
1174 656 1253 699 vero

101 737 365 822 perstudiosum,
395 748 524 823 poetam
552 737 652 802 etiam
673 735 835 818 tragicum
858 735 1072 820 (Parenthese
1094 756 1161 800 von
1184 735 1254 799 vier

101 837 230 921 Zeilen,
262 837 316 902 die
339 838 570 902 Construction
592 834 801 919 vergessen):
836 834 894 899 sed
922 846 960 900 ut
984 837 1026 901 ad
1056 837 1255 923 Dionysium

102 937 287 1003 redeamus.
331 938 424 1002 Noch
448 941 537 1004 einer
558 938 635 1003 sehr
655 936 775 1023 langen
797 937 1010 1022 Digression:
1034 949 1114 1002 orat.
1138 937 1190 1019 22,
1215 939 1255 1001 74

101 1039 162 1104 sed
185 1062 261 1104 oum
283 1041 346 1105 hoo
368 1051 496 1106 tantum
519 1040 562 1105 sit
583 1048 641 1106 ott.
678 1039 732 1107 fin.
756 1039 788 1120 2,
811 1039 864 1120 33,
890 1040 961 1121 107,
985 1062 1036 1104 wo
1058 1038 1142 1104 naeh
1165 1041 1255 1103 einer

101 1140 320 1225 Aufsahlung
342 1165 407 1208 von
420 1140 538 1206 vielem
553 1141 737 1205 Einzeluen
759 1139 827 1204 und
850 1140 935 1204 nach
950 1142 1040 1205 einer
1055 1141 1254 1206 Parenthese

98 1242 204 1326 folgt:
225 1244 282 1308 sed
302 1265 350 1323 ea,
374 1264 459 1330 quae
481 1243 562 1323 dixi,
584 1242 627 1306 ad
649 1265 808 1329 corpusne
830 1243 959 1306 refers?
986 1242 1076 1307 Lael.
1101 1246 1129 1322 1,
1152 1243 1174 1306 4
1195 1244 1254 1307 sed

96 1353 138 1407 ut
158 1345 192 1408 in
208 1343 334 1409 Catone
349 1343 475 1409 Maiore
498 1382 536 1392 —
560 1343 719 1409 Catonem
741 1345 857 1408 induxi
877 1365 988 1408 senem
1011 1343 1251 1430 disputantem3

99 1445 193 1509 dann
214 1443 299 1530 folgt
321 1446 403 1510 nach
427 1445 511 1511 zehn
526 1444 639 1511 Zeilen
663 1449 694 1527 5.
716 1446 738 1510 5
760 1446 816 1510 sed
832 1456 868 1510 ut
883 1454 951 1509 tum
966 1444 1009 1508 ad
1025 1467 1136 1509 senem
1152 1468 1254 1510 senex

99 1546 145 1609 de
165 1557 335 1612 senectute
357 1557 412 1612 ett.
457 1548 529 1612 Att.
553 1549 584 1629 7,
609 1550 638 1630 1,
661 1547 682 1610 2
705 1547 763 1611 sed
785 1556 922 1611 tantam.
968 1547 1079 1627 Quint.
1104 1548 1145 1611 fr.
1168 1547 1199 1628 2,
1222 1549 1252 1631 3,
1388 1544 1393 1551 ’

97 1648 122 1710 2
145 1658 184 1711 ut
204 1650 372 1734 peroravit
394 1649 637 1734 (Parenthese):
661 1648 719 1713 sed
742 1658 778 1712 ut
799 1650 976 1735 peroravit.
1013 1649 1143 1713 Anders
1166 1648 1253 1713 steht

97 1771 138 1813 es
160 1772 217 1813 um
239 1749 392 1835 folgende
415 1752 498 1815 zwei
521 1749 655 1831 Stellen,
678 1750 732 1814 die
753 1750 852 1815 Klotz
882 1751 1042 1815 aulliihrt:
1067 1751 1121 1813 lin.
1145 1750 1177 1833 2,
1199 1751 1251 1827 34,

100 1852 166 1933 115
188 1851 248 1916 sed
269 1851 443 1916 lustremus
466 1854 575 1917 animo
589 1874 654 1917 non
670 1852 729 1916 has
745 1853 905 1916 maximas
920 1840 1008 1925 artes
1024 1890 1065 1900 -
1081 1853 1139 1916 sed
1155 1874 1251 1937 quae-

97 1973 139 2015 ro
161 1957 226 2032 (wo
249 1951 309 2017 das
332 1955 447 2018 aweite
469 1955 523 2018 sed
544 1953 608 2017 den
624 1953 808 2038 Gegensatz
828 1975 892 2017 von
914 1975 978 2019 nort
1000 1955 1059 2019 hus
1081 1953 1250 2036 einleitet).

94 2052 153 2117 off.
180 2055 207 2132 1,
230 2055 283 2136 30,
310 2055 369 2119 105
386 2055 443 2119 sed
471 2056 498 2118 si
516 2056 589 2141 quis
612 2066 663 2119 est
684 2054 782 2141 paulo
805 2057 942 2120 erectior
968 2057 1029 2137 (ist
1050 2056 1143 2120 nieht
1165 2057 1250 2143 Epa-

97 2154 260 2240 nalepsis‚
283 2155 425 2221 sonderu
448 2157 635 2242 Gegensatz
660 2180 701 2220 zu
723 2157 797 2220 dem
826 2157 1130 2242 voraufgehenden:
1154 2156 1250 2222 modo

99 2277 146 2320 ne
169 2257 213 2320 sit
235 2278 277 2322 ex
298 2258 463 2345 pecudum
484 2258 626 2344 genere).

188 2360 283 2424 Auch
312 2360 497 2424 verstarkt:
533 2361 587 2426 sed
613 2364 727 2425 tarsen.
773 2359 843 2425 Cic.
872 2360 972 2424 Tuae.
994 2362 1026 2444 5,
1051 2361 1101 2443 19,
1125 2362 1168 2425 54
1190 2360 1249 2425 sed

94 2472 211 2525 tamen
231 2469 341 2525 utrum
363 2460 490 2526 malles.
540 2463 634 2527 Brut.
656 2463 708 2543 37,
734 2462 794 2525 140
816 2461 874 2526 sed
897 2471 1007 2526 tamen
1030 2464 1193 2527 Antonius
1216 2464 1251 2526 in

95 2563 211 2628 verbis
233 2572 290 2627 ott.
334 2564 504 2627 Letzteres
532 2562 616 2627 auch
643 2563 695 2627 bei
724 2561 877 2648 virgil:
910 2563 969 2627 ecl.
995 2566 1022 2643 l,
1055 2564 1093 2628 19
1115 2565 1173 2627 sed
1202 2574 1248 2627 ta·

95 2686 173 2729 men
205 2666 269 2728 iste
301 2662 382 2728 deus
416 2664 473 2749 qui
504 2665 557 2744 sit,
591 2663 647 2744 da,
671 2664 798 2750 Tityre,
823 2664 929 2730 nobis.
974 2665 1015 2730 G.
1042 2668 1068 2745 l,
1093 2665 1144 2728 79.
1188 2665 1252 2730 Sed

96 2766 215 2830 allein:
239 2768 327 2830 Aen.
348 2765 378 2846 6,
400 2766 474 2828 511.

187 2867 276 2931 Weit
316 2865 588 2931 auriickweisend
627 2868 686 2931 aul
721 2868 793 2932 eine
827 2867 1094 2957 voraufgehende
1131 2867 1246 2933 Stelle:

96 2970 186 3033 Liv.
208 2968 263 3050 24,
286 2970 318 3050 3,
342 2968 362 3032 8
385 2967 442 3031 sed
459 2990 517 3031 arx
535 2968 686 3033 Crotonis
701 2968 782 3053 (vgl.
799 2972 829 3049 ξ.
851 2970 921 3033 2et
942 2993 1003 3034 arx
1026 2980 1095 3033 erat
1110 2971 1249 3056 procul).

182 3070 292 3135 Daliir
325 3069 413 3134 steht
445 3071 499 3133 ein
526 3068 592 3134 Mal
624 3075 856 3135 reuertentes:
879 3071 946 3134 Cic.
980 3070 1022 3134 ad
1048 3072 1117 3136 Art.
1144 3076 1171 3155 1,
1198 3074 1248 3153 10,

98 3176 114 3234 l
140 3193 216 3235 eum
249 3193 355 3236 essem
389 3172 424 3235 in
457 3169 645 3236 Tusculano
668 3172 894 3255 (Parenthese)
923 3182 1147 3238 verumtamen
1176 3197 1248 3239 oum

92 3271 143 3336 ibi
167 3293 284 3338 essem.

182 3373 214 3437 6.
237 3374 299 3438 Mit
319 3375 374 3439 sed
395 3374 478 3438 wird
500 3374 669 3455 nuweilen,
693 3375 755 3438 wie
770 3376 830 3438 mit
844 3381 958 3459 uellem,
982 3376 1035 3440 die
1057 3376 1248 3461 Erzthlung

92 3475 366 3558 sortgesetzt,
395 3475 479 3539 ohne
508 3475 583 3539 dass
614 3477 665 3539 ein
689 3475 876 3560 Gegensatz
904 3478 1107 3559 hervortritt,
1131 3477 1247 3543 beson-

92 3577 172 3641 ders
205 3576 261 3641 bei
284 3575 456 3644 Sallust:
491 3578 563 3640 Cat.
592 3577 644 3660 23,
671 3579 686 3641 1
718 3577 776 3641 sed
806 3580 838 3641 in
868 3600 906 3641 ea
934 3579 1158 3643 coniuratione
1184 3581 1249 3644 fuit

94 3677 140 3757 Q.
163 3677 296 3742 Curius.
343 3679 437 3742 Eben
467 3701 502 3742 so
532 3680 575 3742 im
598 3679 733 3764 Anfang
756 3680 843 3743 eines
866 3680 1096 3745 Absehnittes:
1120 3704 1170 3767 cp.
1193 3683 1247 3764 25,

94 3784 112 3843 1
138 3779 195 3844 sed
219 3779 253 3844 in
276 3779 327 3845 his
350 3789 422 3844 erat
444 3780 645 3867 Sempronia.
691 3783 722 3860 ξ.
745 3780 766 3843 4
789 3780 846 3844 sed
876 3803 915 3844 ea
937 3803 1034 3867 saepe
1057 3771 1113 3845 ott.
1150 3784 1203 3863 49,
1230 3788 1244 3846 1

94 3880 157 3945 sed
180 3881 285 3945 isdem
308 3882 512 3966 temporibus
536 3879 577 3960 Q.
602 3879 739 3945 Catulus
763 3891 796 3944 et
818 3881 856 3945 C.
879 3882 955 3946 Piso
978 3895 1034 3946 ctt.
1065 3883 1147 3947 Was
1170 3884 1248 3947 aber

94 3981 201 4046 Klotz
223 3983 269 4045 im
290 3982 375 4047 Lex.
399 3983 432 4047 S.
457 3981 552 4064 1274,
575 3983 595 4045 3
616 3984 805 4046 ausserdem
828 4005 886 4048 aus
914 3982 1036 4049 Sallust
1058 3985 1157 4063 eitirt,
1192 4006 1245 4068 ge-

94 4083 176 4148 hort
197 4084 289 4152 nicht
310 4082 451 4152 hierher.

187 4184 275 4249 Liv.
304 4185 334 4267 9,
361 4185 392 4264 2,
423 4186 440 4248 7
469 4183 528 4248 sed
560 4186 607 4249 ita
638 4196 733 4249 natus
767 4185 856 4251 loeus
890 4197 949 4250 est.
994 4185 1074 4270 (Ein
1108 4184 1248 4250 Grieche

95 4287 213 4351 wiirde
243 4286 284 4350 δέ
308 4287 445 4371 setzen).
489 4285 511 4350 J
519 4288 628 4351 ustin
660 4288 710 4368 17,
737 4287 768 4370 2,
798 4289 834 4350 11
859 4287 922 4350 ‘sed
949 4308 1009 4349 nec
1036 4286 1157 4371 Pyrrus
1186 4309 1246 4352 rex

98 4389 196 4474 Epiri
221 4387 373 4453 omissus.
418 4390 449 4466 ξ.
475 4389 515 4451 14
536 4387 593 4452 sed
616 4387 833 4453 Ptolemaeus.
867 4386 927 4451 Als
950 4386 1248 4470 Uebergangsform

144 4507 270 4557 numm,
287 4505 343 4547 ιιιι.
359 4507 449 4556 syna:
464 4505 505 4546 ees
518 4506 559 4546 nr.
573 4507 624 4554 spr.
638 4509 670 4550 ιι
1029 4512 1043 4559 7
