2948 4988
546 356 778 420 -645-

142 526 252 604 ribus,
283 527 457 590 convinces
487 525 584 589 facilc
613 548 654 589 ex
683 533 714 589 tc
747 534 870 588 natum.
921 521 1003 587 Hec.
1037 522 1099 588 368
1132 523 1239 589 laetae

142 626 278 691 alamani
298 627 442 710 ,‚venit“,
465 625 500 691 id
523 625 610 713 quod
634 648 684 690 me
706 636 840 711 repente
863 634 1070 710 aspexerant.

179 730 232 793 Da
255 728 480 812 <licentiae
503 731 565 792 scit
588 728 646 793 der
668 727 874 792 klassischen
889 727 965 791 Zeir
987 725 1063 791 sehr
1084 728 1237 812 gewohn·

142 854 155 893 1
185 830 228 895 iat
255 829 324 894 und
352 829 479 895 iiberall
506 829 739 915 gleichmiiasig
765 828 947 914 gebraucht
969 829 1068 912 wird,
1093 850 1130 892 so
1152 827 1237 913 gebo

167 954 231 995 nur
252 931 307 996 die
329 933 468 996 Formen
491 933 548 997 der
571 931 922 997 demonstrativen
944 930 1157 1013 Auadriicke,
1185 929 1240 995 die

142 1033 277 1118 *h‘a'ufig
300 1034 344 1098 irn
367 1033 571 1121 Haupteatze
594 1033 817 1121 entaprechen.

179 1136 205 1198 1.
235 1135 285 1200 Eo
313 1136 380 1200 und
409 1158 447 1202 ea
474 1159 508 1201 re
535 1138 619 1219 quod
639 1138 684 1201 iat
706 1133 856 1199 zicmlich
881 1135 1074 1200 verbrcitet:
1104 1135 1185 1199 Cic.
1209 1156 1240 1220 p.

142 1237 229 1302 rinct.
260 1238 294 1315 4,
327 1239 363 1302 17
392 1238 453 1302 hoc
481 1260 518 1302 eo
547 1261 606 1325 per
633 1248 665 1302 te
694 1236 870 1323 agebatur,
900 1236 986 1322 quod
1012 1273 1046 1284 -
1072 1236 1239 1300 nonsatis

142 1347 165 1403 rt
186 1348 243 1404 ctt.
273 1337 367 1404 Verr.
390 1340 419 1419 3,
442 1340 494 1419 25,
517 1340 569 1404 63.
600 1338 685 1403 Ρ511.
710 1338 760 1420 13,
785 1338 833 1417 10,
856 1337 908 1402 23.
942 1338 1009 1402 inv.
1037 1340 1063 1420 1,
1086 1337 1115 1421 6,
1139 1338 1168 1403 8.
1200 1339 1240 1402 dc

174 1441 193 1505 3
223 1443 252 1521 ξ.
276 1440 339 1503 214
370 1439 451 1504 haec
484 1463 521 1506 eo
553 1440 626 1506 dieo
654 1438 820 1527 pluribus,
848 1438 936 1526 quod
965 1477 1007 1486 —
1029 1438 1240 1526 reliquerunt.

142 1550 176 1608 11,
192 1544 221 1622 ξ.
240 1541 300 1606 126
316 1542 371 1628 qui
387 1542 474 1626 (loci)
491 1564 675 1608 communes
697 1539 853 1629 appellati
876 1550 953 1605 aunt
975 1563 1012 1605 eo
1036 1562 1065 1627 q.
1088 1541 1241 1605 videntur

142 1642 270 1708 rltarum
292 1644 391 1708 iidem
415 1666 486 1709 ease
508 1666 687 1712 causarum.
718 1644 760 1707 ad
784 1641 848 1722 Qu.
866 1644 906 1707 fr.
924 1642 955 1725 2,
979 1644 1008 1722 3,
1031 1644 1052 1706 6
1074 1664 1158 1729 quae
1180 1641 1240 1708 tibi

159 1745 274 1826 scribo,
298 1767 329 1832 q.
353 1768 404 1810 me
427 1783 466 1794 -
489 1769 587 1833 saepe
609 1746 773 1811 monuisti
802 1746 872 1810 Art.
895 1744 926 1829 9,
950 1745 981 1828 9,
1003 1744 1033 1809 3.
1074 1743 1171 1809 Auch
1185 1744 1241 1810 hoc

142 1846 180 1910 ad
198 1850 267 1911 Aa.
294 1849 323 1929 1,
348 1849 397 1930 17,
420 1847 450 1912 2.
475 1887 512 1896 -
537 1849 617 1917 Liv.
639 1850 705 1928 4,6
728 1856 897 1913 contentus
921 1867 958 1911 eo
973 1869 1003 1932 q.
1021 1846 1103 1911 ratio
1126 1845 1241 1911 habita

142 1946 294 2037 >baioriam
323 1960 418 2014 esset.
449 1950 484 2033 9,
512 1950 533 2012 2
559 1949 658 2013 fidem
684 1970 806 2014 auxere
831 1949 956 2035 captivi
984 1970 1022 2012 eo
1045 1949 1187 2013 maxime
1209 1970 1239 2035 q.

142 2070 201 2114 ’mo
223 2050 308 2114 inter
331 2073 442 2116 omnes
465 2052 673 2136 congruebat.
718 2050 827 2116 Daftir
848 2071 886 2116 ea
900 2072 934 2116 re
948 2050 1053 2136 quod:
1077 2050 1156 2115 Cic.
1172 2052 1239 2115 inv.

154 2152 182 2236 9,
202 2153 243 2217 28
267 2153 334 2216 und
357 2153 454 2219 Tunc.
476 2153 498 2217 4
519 2156 548 2234 5.
573 2154 623 2221 83.

181 2255 209 2318 2.
233 2253 310 2319 Ideo
333 2256 417 2336 quod
438 2264 547 2319 auersi
569 2255 715 2323 Cornif.
737 2255 759 2318 4
780 2258 809 2337 §.
825 2256 877 2318 41.
908 2252 988 2319 Cic.
1010 2256 1078 2320 inv.
1095 2254 1159 2335 2ξ.
1180 2255 1241 2320 143

142 2358 279 2420 :escario
301 2355 437 2421 multum
460 2357 609 2443 proficiet
631 2358 704 2422 idco
726 2356 814 2443 quod
840 2394 875 2405 -
899 2357 1029 2421 lenierit
1050 2366 1108 2422 ctt.
1134 2359 1167 2434 l,
1191 2357 1240 2440 10,
1367 2372 1375 2381 “

142 2507 144 2511 ,
178 2458 251 2521 iarn.
271 2462 298 2541 1,
316 2458 384 2540 8,6
406 2459 479 2523 ideo
502 2458 582 2522 mihi
604 2480 669 2522 non
691 2459 858 2524 satisfacio
881 2459 969 2544 quod
992 2467 1048 2523 ctt.
1083 2458 1148 2522 Die
1170 2480 1238 2522 um-

142 2559 254 2624 xehrte
277 2558 461 2645 Satzfolge:
486 2560 529 2625 ad
552 2559 616 2640 Qu.
641 2562 680 2626 fr.
705 2561 735 2645 3,
760 2561 776 2623 1
800 2563 829 2642 ξ.
852 2560 893 2625 23
916 2561 1003 2647 quod
1026 2559 1146 2625 multoe
1171 2558 1240 2623 dies

142 2657 268 2725 'arolam
293 2662 326 2726 in
349 2661 500 2726 manibus
523 2662 623 2727 habui
648 2701 685 2710 —-
709 2664 782 2727 ideo
806 2661 908 2727 multa
929 2663 1077 2728 coniecta
1098 2672 1183 2727 eunt.
1203 2702 1238 2710 -

142 2780 191 2826 rr.
214 2786 263 2849 ep.
290 2766 316 2846 1,
342 2765 392 2846 19,
414 2764 466 2828 26.
513 2763 684 2844 Quintil.
710 2766 759 2847 10,
781 2765 813 2848 5,
839 2764 888 2828 16.

183 2867 212 2930 3.
236 2865 361 2931 Idcirco
376 2869 460 2948 quod
474 2867 574 2932 achon
590 2867 643 2931 bei
658 2866 744 2931 Ter.
758 2866 863 2930 Andr.
874 2866 939 2930 690
950 2866 1072 2932 idcirco
1083 2886 1240 2944 arcessor,

142 2969 227 3049 ptias
256 2968 344 3055 quod
373 2969 417 3032 mi
448 2970 601 3055 adparari
628 2969 741 3033 sensit.
787 2967 864 3034 Cic.
894 2968 960 3033 inv.
990 2967 1011 3031 2
1038 2971 1069 3050 ξ.
1095 2965 1155 3032 150
1177 2966 1242 3031 ide.

142 3084 162 3128 3
191 3072 231 3135 dc
265 3091 301 3133 rc
334 3069 416 3136 nihil
449 3093 521 3136 esse
554 3072 729 3157 scriptum,
762 3069 860 3156 quod.
890 3091 958 3158 rep.
987 3072 1021 3152 3,
1053 3069 1091 3133 16
1120 3079 1243 3153 negant

142 3171 276 3237 rientem
309 3172 373 3237 idc.
408 3174 514 3238 viram
548 3171 670 3237 bonum
703 3194 789 3255 esea,
823 3171 921 3258 quod.
962 3170 1040 3236 fam.
1074 3172 1108 3255 9,
1146 3175 1177 3254 1,
1212 3171 1241 3234 2.

142 3272 267 3338 rintil.
294 3276 337 3359 ¹f),
375 3275 429 3360 10,
464 3276 534 3340 119.
585 3274 653 3340 Der
681 3274 869 3339 Nebensatz
897 3275 975 3360 geht
1008 3273 1138 3338 vorauf:
1174 3273 1243 3336 inv.

142 3373 176 3454 ξ.
206 3376 292 3441 139.·
322 3377 416 3443 Verr.
445 3379 466 3443 5
504 3382 534 3460 ξ.
569 3377 639 3445 133.
683 3377 897 3464 Pompejna
932 3398 984 3463 ap.
1018 3377 1087 3441 Cic.
1114 3377 1184 3441 Art.
1213 3375 1243 3457 8,

161 3478 207 3559 A,
233 3483 259 3543 l.

182 3581 213 3645 4.
250 3581 315 3645 Mit
348 3582 437 3645 einer
472 3564 733 3670 Prapoaition
763 3581 808 3645 im
846 3581 1126 3646 demonstrativen
1159 3580 1242 3644 Aus-

142 3681 213 3747 rck.

182 3807 210 3850 a.
234 3784 385 3868 Propter:
408 3785 485 3850 Cic.
509 3785 603 3851 Verr.
619 3787 650 3870 3,
665 3786 706 3850 46
729 3794 861 3872 propter
883 3786 968 3851 hanc
990 3808 1132 3871 causam,
1157 3786 1243 3872 quod

144 3880 161 3945 i
183 3887 334 3952 Leontini
350 3926 390 3935 -
406 3887 542 3954 multum
558 3911 609 3953 me
625 3889 833 3953 adiuverunt.
868 3888 990 3973 Haufig
1005 3889 1049 3954 iat
1057 3892 1242 3973 propterea:
1260 3880 1263 3885 ’

142 4001 185 4052 rr.
212 3989 316 4055 Andr.
346 3991 410 4055 584
440 4015 471 4077 p.
500 3991 586 4080 quod
614 3999 704 4055 amat
730 3986 911 4060 filiua.,38.
954 3991 1068 4056 Lucr.
1101 3991 1135 4069 2,
1170 3989 1241 4056 760.

147 4107 176 4154 e.
196 4091 293 4158 Reae.
317 4094 393 4157 Am.
421 4097 454 4177 1,
483 4094 512 4161 3.
534 4093 590 4174 38,
616 4095 685 4157 111.
722 4093 806 4157 Sest.
830 4092 887 4175 47,
913 4093 982 4158 100.
1017 4093 1108 4160 acad.
1132 4093 1168 4172 2,
1195 4095 1242 4175 11,

146 4236 154 4249 ·
194 4193 401 4260 Namentlich
429 4197 463 4259 in
492 4194 550 4259 der
579 4194 703 4260 Schrift
726 4194 767 4259 de
788 4192 925 4258 finibus:
958 4199 985 4278 1,
1010 4197 1059 4280 14,
1081 4196 1132 4260 46.
1155 4196 1186 4279 3,
1210 4195 1241 4277 6,

142 4288 156 4351 i·
178 4297 228 4379 15,
250 4297 302 4366 50.
326 4295 378 4381 22,
402 4298 453 4362 13.
475 4298 507 4380 5,
533 4298 580 4381 13,
604 4298 656 4363 38.
687 4295 781 4361 Verr.
805 4296 849 4379 ΙΙ,
875 4300 890 4359 1
915 4300 944 4377 ξ.
967 4298 1018 4362 59.
1049 4297 1173 4377 fam.5,
1191 4296 1240 4381 18,

155 4395 320 4567 91198051.
335 4501 413 4569 Cic.
437 4523 504 4587 rep.
530 4503 565 4582 1,
589 4502 607 4565 Ἰ
630 4500 710 4566 haee
733 4500 879 4589 pluribus
902 4524 921 4566 a
943 4525 995 4567 me
1018 4503 1128 4569 verbis
1152 4502 1242 4568 dicta
