2948 4988
645 330 877 394 -473-

142 498 333 566 ³mnibns
361 498 459 563 rebus
488 497 584 562 absit.
628 498 726 562 Sonst
749 497 854 582 folgt
881 501 939 562 der
966 499 1169 564 Nebensatz:
1200 500 1240 564 de
1262 502 1329 565 inv.

142 607 174 680 1,
204 601 283 665 32
302 609 337 663 ut
359 600 466 664 simile
488 600 528 663 iis
551 600 649 664 rebus
672 601 724 682 sit,
748 622 828 686 quas
850 623 903 664 res
925 639 966 649 -
982 610 1065 664 unte
1093 600 1330 665 induxerimus.

143 703 181 780 2,
206 701 284 765 28
304 722 340 765 eo
362 699 461 766 modo
484 711 580 786 atque
610 700 652 765 ab
682 723 718 764 eo
749 700 925 783 vindicari,
956 723 1019 787 qno
1047 702 1142 765 modo
1166 712 1198 766 et
1225 724 1329 789 aquo

151 800 418 867 sitvindieata.
456 802 498 866 59
520 823 561 865 ex
584 802 624 865 iis
648 801 726 866 locis
750 812 927 882 sumentur,
950 804 1004 888 qui
1028 803 1101 868 loci.
1140 803 1235 868 Rose.
1255 804 1328 867 Am.

159 900 201 965 10
222 903 306 988 qui
327 904 367 966 de
389 924 428 967 ea
449 925 485 966 re
507 915 617 988 posset
639 902 748 967 dicere
770 901 908 990 aliquid,
938 905 1126 990 inquere.
1168 904 1329 970 261111110-

165 1000 224 1064 lieii
254 1004 373 1067 -cui
396 1002 568 1068 maleficio.
605 1005 638 1068 in
654 1003 808 1068 Caecill
836 1008 861 1068 si
886 1006 971 1090 quod
995 1018 1123 1089 tempus
1146 1005 1329 1084 accidisset,

170 1123 225 1185 quo
275 1115 432 1190 tempore.
477 1103 570 1173 Verr.
595 1105 623 1186 Ι,
656 1107 692 1169 17
721 1105 772 1170 fae
801 1106 861 1170 tibi
890 1105 972 1190 legis
1004 1106 1131 1170 Aciliae
1159 1110 1269 1171 veniat
1296 1108 1329 1170 in

176 1214 343 1288 mentem,
372 1228 437 1292 qua
465 1207 547 1290 lege.
585 1206 629 1286 ll,
655 1208 728 1287 1,9
756 1228 817 1291 ego
849 1208 910 1271 tibi
939 1207 1026 1272 illam
1057 1207 1198 1272 Aciliam
1224 1209 1329 1292 legem

179 1304 331 1386 restituo,
356 1329 420 1394 qua
442 1305 524 1392 lege.
562 1331 592 1394 p.
609 1302 912 1373 Cluent.'54·iubet
933 1308 987 1372 lex
1010 1330 1059 1390 ea,
1082 1330 1147 1393 qua
1169 1307 1251 1393 lege.
1288 1309 1328 1372 57

186 1424 216 1465 eu
231 1401 329 1494 lege,
350 1432 415 1495 qua
438 1408 509 1492 lege
531 1410 657 1493 (Baiter
679 1431 756 1473 nur:
780 1415 868 1496 qun).
908 1411 1104 1490 Verr.2,13
1127 1409 1269 1473 edietum
1288 1445 1331 1456 -

189 1525 238 1589 qne
278 1510 404 1578 edicto:
435 1511 471 1574 15
494 1509 563 1574 dies
591 1511 741 1592 advenit,
771 1534 834 1598 qno
863 1510 927 1574 die.
965 1512 1005 1575 ad
1035 1509 1100 1591 Qu.
1124 1509 1163 1573 fr.
1193 1511 1222 1589 3,
1253 1511 1285 1591 3,
1312 1512 1326 1573 1

194 1604 272 1670 diem
298 1614 375 1677 seito
392 1634 464 1676 esse
486 1610 621 1693 nullum,
646 1613 778 1697 quodie
800 1633 864 1676 non
887 1612 994 1676 dicam
1012 1634 1071 1698 pro
1086 1635 1152 1677 reo.
1186 1635 1218 1697 p.
1235 1611 1330 1675 domo
1392 1658 1394 1662 »

196 1703 332 1778 lssunns
353 1713 435 1793 (lien,
458 1735 522 1800 quo
545 1713 609 1777 die.
646 1711 729 1777 Phil.
756 1713 804 1794 14,
831 1717 845 1777 l
870 1713 966 1793 diem,
990 1713 1140 1800 quodie.
1183 1712 1276 1776 Verr.
1299 1712 1329 1793 2,

201 1804 233 1867 52
250 1816 368 1878 mensis
391 1852 433 1864 -
456 1836 519 1900 qno
543 1835 661 1878 mense.
697 1814 728 1897 2,
749 1815 785 1878 16
800 1816 851 1878 ins
875 1836 945 1879 esse
967 1824 1091 1878 certum
1115 1853 1155 1862 -
1178 1837 1242 1899 quo
1260 1816 1331 1878 iure

204 1918 356 1981 certarent.
394 1917 436 1980 74
457 1938 499 1980 ex
522 1938 559 1979 eo
581 1937 711 1999 genere,
734 1915 821 2001 quod
844 1938 904 2000 ego
926 1917 1070 1980 maxime
1092 1938 1204 2002 genus.
1241 1915 1329 1996 4,11

205 2024 253 2085 119Γ
277 2036 343 2080 eum
371 2018 516 2082 ordinem
547 2028 678 2100 agetur,
706 2019 762 2102 qui
791 2017 881 2081 ordo.
924 2017 963 2080 21
993 2016 1109 2081 domus
1137 2054 1179 2063 -
1207 2038 1271 2101 qua
1297 2018 1331 2080 in

206 2104 296 2180 d⁰mu
329 2141 361 2205 p.
377 2118 474 2184 domo
495 2119 536 2181 42
558 2119 593 2182 in
608 2140 648 2182 ea
669 2120 773 2199 domo,
797 2141 880 2205 quae
903 2118 1029 2183 domus.
1064 2141 1094 2201 p.
1111 2117 1180 2181 Mil.
1198 2118 1240 2180 20
1255 2127 1331 2180 ante

206 2201 323 2284 fundum
347 2257 382 2268 -
408 2241 472 2306 qno
495 2219 528 2284 in
550 2219 659 2284 fundo.
696 2220 759 2305 leg.
782 2241 850 2304 agr.
880 2224 905 2302 1,
930 2221 947 2284 1
971 2241 1085 2303 agrum
1101 2258 1143 2267 -
1165 2221 1221 2305 qni
1242 2240 1330 2301 ager.

203 2303 227 2381 2·
249 2316 286 2380 32
303 2322 335 2385 in
356 2321 391 2386 id
414 2321 570 2407 oppidum
594 2325 775 2408 —quoin
806 2320 935 2407 oppido.
973 2343 1004 2406 p.
1030 2319 1146 2385 Flacco
1169 2321 1210 2385 23
1239 2321 1331 2405 oppi-

203 2401 283 2501 dum,
301 2444 361 2509 quo
383 2425 418 2486 in
439 2422 571 2509 oppido.
608 2423 650 2487 33
673 2421 799 2487 habetis
821 2444 961 2501 causam,
984 2444 1048 2508 qua
1070 2411 1180 2485 causa.
1217 2442 1283 2506 rep.
1304 2425 1331 2498 1,

201 2503 238 2571 26
262 2521 296 2586 ad
316 2546 386 2588 eam
409 2547 542 2589 caueam
565 2523 770 2588 referendum
793 2536 859 2605 est,
890 2545 972 2609 qnae
994 2544 1093 2617 eausa
1118 2524 1231 2607 genuit
1253 2524 1331 2586 eivi-

202 2614 299 2688 lsslem.
333 2628 367 2690 in
384 2626 493 2690 Vatin.
514 2627 550 2689 11
573 2624 610 2688 Τ.
642 2628 784 2690 Annium
807 2626 925 2688 iisdem
949 2625 1058 2688 verbis
1082 2623 1243 2705 laudares,
1263 2625 1331 2710 qui·

142 2706 144 2721 1
202 2704 262 2782 lus
279 2746 344 2792 eum
371 2727 482 2792 verbis
511 2726 706 2791 laudare-
731 2736 937 2792 consuerunt.
976 2726 1073 2790 Cutil.
1097 2727 1127 2807 3,
1155 2727 1194 2789 10
1216 2728 1249 2789 in
1270 2728 1333 2791 hoc

203 2828 298 2924 luten
320 2851 382 2893 uno
406 2828 503 2909 bello,
521 2827 616 2913 quale
639 2828 769 2893 bellum.
802 2853 833 2916 p.
851 2828 946 2894 (laec.
963 2828 1005 2892 23
1021 2849 1062 2891 ex
1080 2848 1117 2890 eo
1140 2825 1221 2908 loco,
1237 2848 1331 2914 quem

204 2932 232 2976 ¹¹¹
263 2927 365 2994 lucum.
403 2931 444 2994 de
472 2952 519 2994 or.
550 2933 584 3010 1,
611 2931 653 2994 38
681 2929 818 2994 tabellas
842 2969 879 2976 —
903 2929 1021 3016 quibus
1051 2930 1084 2992 in
1114 2927 1252 2992 tabellis.
1290 2927 1333 2992 ad

206 3009 321 3095 Quini>
341 3053 438 3097 exea
459 3042 551 3117 perte
574 3033 729 3115 homines,
745 3034 835 3096 euius
852 3033 965 3117 partis.
995 3054 1026 3094 n.
1043 3032 1074 3094 d.
1093 3033 1119 3109 1,
1135 3030 1177 3094 32
1193 3029 1334 3093 humana
1355 3085 1358 3090 .

205 3112 297 3196 forma
311 3171 346 3181 -
364 3155 403 3197 ea
424 3153 489 3220 qna
511 3143 604 3198 erant
618 3133 723 3197 lorma
739 3133 773 3195 di
796 3131 994 3197 inmortales.
1027 3130 1332 3197 Senatsbesehlnes:

207 3219 244 3283 ⁸11
266 3230 333 3299 lam.
356 3235 387 3319 8,
411 3235 441 3319 8,
465 3237 483 3299 7
506 3256 631 3317 causas,
655 3235 774 3321 quibus
797 3236 838 3298 de
861 3236 976 3298 causis.

282 3333 426 3401 Caesar
448 3335 641 3401 wiederholl
663 3338 737 3419 dies,
761 3337 844 3401 lomes
866 3335 932 3400 und
955 3356 1022 3414 res;
1050 3335 1137 3399 darm
1166 3335 1223 3398 hat
1245 3357 1279 3398 er
1302 3337 1332 3402 b.

208 3435 235 3497 1·
258 3436 318 3513 ],6
339 3438 457 3502 itinera
479 3437 554 3521 (luo,
579 3437 696 3523 quibus
720 3438 903 3507 itineribus.
939 3440 966 3515 1,
991 3437 1008 3501 7
1032 3437 1156 3519 legatos
1182 3474 1219 3483 -
1243 3439 1333 3500 euius

208 3512 371 3611 legationis.
411 3541 441 3604 b.
465 3561 493 3603 e.
515 3539 547 3621 2,
577 3539 619 3604 25
648 3540 751 3624 legem
774 3561 902 3624 —qua
929 3538 1013 3622 lege.
1053 3536 1149 3601 Bell.
1180 3535 1280 3601 Gall.
1303 3538 1333 3616 8,

209 3616 241 3686 ll
263 3659 294 3703 eo
314 3639 383 3705 loeo
406 3679 448 3689 -
471 3661 568 3726 quem
590 3641 625 3704 in
648 3640 762 3707 locum.
799 3641 841 3704 54
863 3638 1029 3724 praesidia
1051 3638 1190 3719 tueatur,
1207 3661 1248 3702 ex
1265 3639 1334 3724 qni-

207 3712 261 3799 lug
279 3742 455 3828 praesidiis.
493 3741 588 3810 Bell.
612 3742 734 3805 A1.47
758 3743 791 3804 in
815 3763 888 3804 eum
911 3761 945 3803 se
968 3750 1096 3825 portum
1120 3740 1226 3802 vietor
1247 3760 1334 3803 reee-

208 3828 336 3930 linquo
359 3867 401 3910 ex
424 3854 530 3929 portu.
567 3845 608 3908 74
630 3867 667 3908 eo
691 3843 761 3907 loco
784 3881 824 3891 -
848 3865 942 3928 quem
972 3842 1004 3904 in
1036 3841 1150 3905 locum.
1189 3841 1226 3902 B.
1251 3840 1333 3903 Alr.

208 3920 243 3992 ²3
263 3945 299 4009 ad
320 3948 476 4032 oppidum
499 3983 541 3994 -
564 3946 598 4008 in
613 3968 675 4030 quo
699 3943 828 4031 oppido.
865 3944 950 4007 Liv.
972 3946 1002 4025 n,
1024 3944 1103 4026 1,11
1128 3941 1279 4025 diemque
1298 3978 1333 3986 —

209 4041 262 4108 1111
280 4047 338 4111 (lie.
374 4048 428 4130 23,
450 4047 503 4129 37,
529 4047 569 4110 10
591 4048 710 4133 quibus
733 4044 1026 4109 diebus-isdem
1049 4041 1176 4107 diebuS.
1213 4042 1265 4122 34,
1281 4043 1333 4124 35,

211 4122 359 4236 3eana
380 4147 435 4213 die
458 4186 498 4195 -
521 4170 560 4213 ea
582 4149 661 4212 dies.
987 4198 989 4203 .

277 4249 393 4336 Spflter
408 4250 649 4316 versehwindet
664 4251 754 4314 diese
768 4247 1024 4332 Wiederholung
1041 4245 1098 4309 des
1114 4243 1334 4328 Beziehungs-

216 4350 340 4435 ”lineum
368 4353 421 4416 ich
444 4351 528 4415 habe
550 4375 612 4416 nur
633 4352 716 4417 noch
738 4353 855 4415 nolint:
888 4348 1002 4434 Apul·
1022 4357 1097 4410 met.
1122 4348 1171 4425 11,
1193 4349 1214 4410 5
1237 4347 1335 4429 diem,

215 4451 254 4533 qui
270 4453 336 4519 dies
360 4475 400 4517 ex
424 4454 490 4517 ista
510 4465 605 4517 nocte
627 4465 789 4517 nascetur.

246 4562 364 4619 eumn,
378 4565 435 4607 hm.
450 4562 540 4617 syntex
554 4565 596 4605 der
609 4564 651 4605 let.
667 4562 716 4613 Spr.
743 4565 775 4604 11.
1134 4559 1163 4605 31
