2948 4988
558 288 765 354 ..25-

76 440 164 503 dare
187 439 267 505 satis
291 439 368 514 vela,
386 439 531 506 iubebat
577 440 636 523 (So
663 442 790 526 gefasst
811 463 877 510 vun
900 441 1061 527 Wagner,
1094 443 1233 508 welcher

78 541 289 606 dasdamus
317 541 473 627 folgende
494 561 565 608 cum
586 541 689 608 durch
723 544 779 607 καὶ
811 543 887 609 τότε
919 543 961 628 δή
989 544 1129 628 11111111,
1164 544 1233 608 also

79 643 175 708 nicht
198 642 252 707 fur
273 644 566 729 correspondirend
590 645 648 710 mit
669 647 724 712 vix
745 645 840 730 halt.)
882 646 914 727 5,
938 645 999 711 857
1029 647 1089 709 vix
1111 645 1233 730 primos

82 782 122 793 -
148 753 182 808 et
204 746 515 830 superincumbens
543 754 600 811 ctt.
642 747 672 831 6,
695 746 758 811 498
785 748 845 811 vix
871 747 953 810 adeo
979 746 1115 831 agnovit
1140 756 1235 811 -et

82 847 270 934 compellat.
326 847 489 912 Aehnlich
527 869 560 912 v,
589 848 651 913 547
686 859 812 912 tantum
846 847 963 912 effatus
998 858 1031 913 11
1065 850 1099 912 in
1132 847 1233 912 verbe

84 942 232 1035 vestigia
254 949 359 1012 torsit.
403 947 1113 1033 111111111111,9081111111111Α111111-
1137 949 1233 1032 vidit,
1344 1002 1347 1008 .

84 1063 119 1117 et
142 1072 279 1116 saevum
301 1048 447 1114 Aeneam
469 1053 606 1137 agnovit
628 1050 767 1115 Turnus.
802 1049 980 1136 (Wagner5
1014 1049 1098 1115 doch
1127 1050 1234 1115 lassen

83 1152 209 1218 andere
242 1151 307 1216 den
334 1151 497 1218 Nachsatz
528 1163 596 1219 erst
626 1155 687 1218 mit
714 1174 744 1217 v.
769 1152 831 1216 912
859 1150 986 1238 fulgen:
1022 1153 1235 1233 continuoque

83 1254 221 1337 ineant).
260 1252 336 1319 Wie
359 1253 443 1319 nach
465 1254 618 1320 letatcrer
631 1254 849 1339 Auffassung,
873 1252 960 1318 steht
976 1274 1033 1336 que
1051 1251 1135 1316 auch
1151 1254 1233 1317 Aen.

82 1357 116 1439 2,
140 1355 206 1419 692
233 1355 292 1420 vix
321 1376 359 1419 ea
381 1355 470 1421 fatus
493 1368 563 1423 erat
585 1359 710 1441 senior,
742 1357 914 1441 subitoque
941 1357 1071 1439 fragore
1093 1353 1235 1418 intonuit

83 1455 229 1522 laevum.
268 1458 317 1539 11,
339 1455 402 1521 296
424 1457 481 1522 vix
505 1479 545 1522 es
567 1457 681 1544 legati,
711 1457 886 1543 variusque
915 1477 973 1541 per
995 1477 1070 1521 ossa
1091 1456 1234 1519 cucurrit

81 1570 141 1626 ctt.
183 1557 232 1641 12,
247 1557 285 1622 81
303 1558 385 1622 haec
406 1559 464 1623 ubi
478 1559 567 1624 dicta
588 1559 689 1643 dedit,
712 1558 912 1646 rapidusque
933 1557 967 1620 in
990 1565 1076 1622 tecta
1097 1557 1234 1621 recessit

82 1659 260 1745 (Wagner,
283 1658 439 1724 wthrend
454 1681 518 1726 von
534 1662 676 1727 anderen
691 1686 724 1726 v.
739 1661 781 1725 82
797 1659 845 1724 als
861 1659 1024 1724 Nachsatz
1048 1656 1234 1723 betrachtet

82 1760 195 1848 wir-d).
241 1760 304 1825 Zu-
325 1761 534 1847 vergleicben
566 1772 653 1828 wtire
690 1763 761 1827 hier
793 1761 852 1826 das
886 1767 978 1844 atque
1011 1759 1069 1824 des
1097 1759 1233 1824 Plautus

81 1861 170 1928 nach
193 1862 493 1947 voraufgebendem
516 1863 799 1952 Temporalsatze3
822 1885 848 1926 s.
871 1867 901 1945 ξ.
924 1864 996 1945 315,
1023 1863 1071 1927 15.

101 1972 104 1977 ’
170 1965 257 2029 Liv.
279 1964 331 2048 43,
352 1965 383 2049 4,
408 1965 449 2030 10
480 1965 618 2030 vixdum
640 1965 681 2030 sd
705 1963 870 2029 consulem
898 1986 933 2028 se
961 1964 1166 2051 pervenisse,
1200 1972 1234 2027 et

80 2067 220 2131 audisse
241 2065 398 2154 oppidum
420 2079 651 2154 expugnatum.
694 2065 809 2131 Oefter
837 2064 938 2130 nicht.
983 2064 1058 2150 Vgl.
1088 2061 1236 2128 daselbst

75 2168 277 2233 'Weissenb

171 2270 280 2337 Cart
303 2272 334 2355 4,
359 2271 409 2356 12,
433 2273 689 2358 2311111111-
712 2280 754 2335 et.
799 2270 897 2337 Sonst
918 2269 1018 2335 nicht.

172 2374 307 2438 Lucan
328 2374 359 2456 6,
381 2373 445 2438 246
477 2371 574 2438 simul
607 2374 688 2438 haec
721 2372 852 2455 effatur,
886 2382 918 2437 et
946 2369 1032 2436 altus
1055 2370 1234 2435 Caesareas

80 2473 198 2561 pulvis
220 2483 360 2540 testatur
380 2473 496 2540 adesse
519 2473 676 2540 cohortes.
722 2475 755 2539 S.
780 2474 864 2539 oben
887 2473 1019 2538 Sallust.

171 2575 336 2640 Tacitus
359 2575 390 2639 h.
413 2579 443 2661 2,
466 2576 507 2642 68
530 2576 660 2641 interim
682 2612 725 2626 —-
746 2575 970 2657 insimulatur,
999 2584 1032 2638 et
1053 2570 1169 2636 ruebat
1192 2570 1233 2634 ad

80 2678 278 2743 convivium
300 2677 403 2742 miles.
441 2678 482 2744 95
504 2677 649 2743 nondum
671 2686 805 2761 quartus
828 2699 849 2741 a
871 2677 1010 2741 victoria
1037 2672 1157 2737 mensis
1163 2720 1172 2754 ,
1202 2681 1235 2736 et

82 2779 281 2846 libertus-
299 2779 467 2867 aequabat.
504 2802 580 2844 ann.
606 2782 633 2864 l,
653 2780 695 2844 65
717 2778 815 2844 simul
837 2779 927 2860 haec,
950 2786 1077 2841 etcum
1100 2773 1234 2838 delectis

82 2880 212 2946 scindit
232 2901 361 2966 agmen.
397 2882 429 2964 4,
452 2882 676 2968 utunturque
703 2891 838 2966 coeptus
861 2879 949 2959 dies,
972 2887 1005 2943 et
1028 2914 1066 2924 -
1090 2876 1234 2941 aderant

82 2984 116 3064 4,
140 2982 185 3046 23
208 2983 273 3045 iam
294 3020 336 3030 -
359 2992 399 3049 11
441 2984 489 3067 15,
510 2983 553 3047 40
574 2984 711 3048 necdum
733 3020 775 3032 —
797 2991 838 3046 et.

172 3081 275 3148 Plin.
307 3106 357 3171 ep.
384 3084 416 3166 5,
442 3086 481 3149 14
503 3085 559 3167 (13
582 3085 672 3171 Keil)
695 3085 714 3149 8
736 3085 831 3170 pauci
861 3082 945 3166 dies,
980 3090 1013 3146 11
1041 3080 1123 3147 liber
1144 3081 1233 3167 prin·

81 3187 181 3271 cipis.
229 3184 261 3266 6,
283 3185 380 3269 20,6
414 3187 478 3250 iam
512 3185 592 3250 hora
614 3187 679 3251 diei
700 3187 820 3273 prima,
854 3194 887 3248 11
921 3183 1028 3247 adhuc
1060 3181 1179 3246 dubius
1202 3191 1236 3245 et

82 3287 183 3374 qnasi
208 3285 381 3371 languidus
397 3286 478 3351 dies.
515 3292 546 3369 9.
566 3289 605 3352 14
620 3289 679 3352 vix
700 3286 957 3367 consideramus,
981 3294 1013 3348 ct
1034 3292 1235 3349 11111111.-

82 3389 210 3472 Einige
225 3387 476 3453 Dichterstellen
498 3389 631 3453 werden
657 3389 739 3453 noch
763 3411 822 3453 aus
844 3387 969 3454 Statius
991 3386 1057 3450 und
1074 3384 1235 3450 Claudian

80 3491 193 3568 citirt3
217 3511 276 3552 aus
299 3489 359 3553 der
381 3489 483 3554 Prosa
504 3489 596 3554 kann
619 3489 670 3554 ich
693 3513 755 3554 nur
776 3489 860 3554 noch
882 3489 1059 3553 anfdhren:

174 3590 293 3676 Apul.
323 3591 452 3675 111112,
478 3593 513 3655 11
549 3590 753 3656 commodum
788 3591 939 3656 meridies
971 3599 1170 3671 accesserat,
1203 3597 1236 3651 et

80 3694 190 3758 mittit
209 3690 359 3757 1111111111.
400 3692 438 3756 16
460 3694 662 3759 commodum
685 3693 871 3772 cubueram,
895 3703 927 3758 et
950 3713 1025 3757 ecce
1042 3692 1131 3756 Fotis
1154 3711 1235 3757 mea.

78 3798 123 3861 23
149 3795 212 3858 vix
233 3793 392 3875 finieram,
415 3793 556 3860 stillico
579 3816 631 3857 mc
653 3795 802 3881 perducit
815 3794 858 3858 ad
874 3795 1015 3860 domum.
1051 3793 1083 3875 4,
1107 3793 1127 3857 8
1149 3813 1234 3855 com·

77 3898 221 3964 modum
251 3896 446 3980 cubuerant,
478 3906 510 3960 et
541 3918 616 3962 ecce
649 3896 781 3982 quidam
804 3907 860 3961 111.
897 3897 971 3980 8,5
1003 3917 1064 3959 nec
1085 3895 1158 3975 diu,
1190 3901 1232 3955 et.

76 4003 110 4084 8,
140 4000 182 4063 18
215 3997 273 4061 vix
306 3997 387 4061 haec
419 3996 520 4075 dicta,
554 4007 586 4061 et
614 4000 736 4064 statim.
783 4001 811 4076 9,
834 3998 876 4062 20
897 3995 1105 4063 commodum
1126 4031 1168 4042 -
1190 4003 1233 4056 et.

79 4105 133 4185 10,
160 4100 181 4163 6
206 4099 342 4162 vixdum
367 4137 404 4146 -
428 4109 461 4164 et
483 4101 604 4164 statim.
1256 4180 1263 4194 θ

173 4200 282 4273 Lact.
306 4223 348 4267 m.
372 4221 456 4288 pers.
479 4204 509 4287 6,
531 4203 553 4267 2
575 4202 718 4267 nondum
741 4239 782 4250 -
803 4208 1028 4289 pervenerant,
1052 4208 1084 4263 et
1105 4197 1172 4261 ism
1197 4233 1232 4244 -

75 4302 252 4370 iacebant.

176 4404 226 4467 17.
271 4403 344 4467 Von
367 4405 425 4469 der
457 4405 500 4470 im
533 4407 651 4473 Latcin
683 4406 859 4492 geltenden
892 4404 1008 4490 Regal,
1042 4401 1118 4466 dass
1152 4403 1233 4466 zwei
