2948 4988
613 253 845 318 -120..

160 417 210 473 est
232 407 354 491 fidens,
389 409 416 471 is
439 406 585 491 profecto
608 427 672 469 non
696 406 897 488 extimescit3
932 407 1098 493 discrepat
1119 408 1206 472 enim
1229 408 1307 472 611·

158 509 276 574 mendo
300 508 475 573 confidere.
520 507 623 591 Atqui
646 507 680 570 in
703 529 797 592 quem
822 507 910 574 cadit
933 519 990 571 611.
1028 509 1081 574 Ob
1104 509 1193 574 diese
1208 508 1307 574 Form

159 609 217 674 der
239 608 431 693 Assumptio
454 609 529 690 (mit
550 607 670 689 autem)
704 605 788 671 noch
815 607 868 672 bei
899 609 1041 696 anderen
1064 609 1214 675 Antoren
1235 632 1306 675 vor·

160 711 296 793 kommt,
320 710 365 773 ist
387 708 477 772 nicht
499 707 657 772 bekannt.

247 810 296 874 12.
341 810 428 873 Dass
451 813 556 874 cutem
577 809 622 871 im
637 808 820 873 Nachsatae
835 811 1035 895 vorkomme,
1058 814 1119 876 wie
1134 833 1206 878 vero
1228 816 1306 878 oder

160 912 219 975 das
242 909 444 996 griechische
466 907 514 987 δέ,
537 909 644 974 haben
668 909 782 974 frflher
804 913 909 996 einige
932 913 1093 977 1111111161
1115 916 1173 979 des
1189 914 1305 978 Cicero

159 1034 405 1098 angenommen.
444 1010 534 1075 Jetzt
556 1000 600 1074 161
623 1010 712 1074 dicse
727 1014 901 1076 Annahmc
921 1015 1096 1100 beseitigt3
1114 1013 1200 1080 doch
1223 1015 1306 1081 habe

160 1115 212 1180 ich
236 1116 308 1179 eine
336 1106 445 1178 solehe
469 1109 570 1176 stelle
602 1133 660 1175 aus
688 1113 866 1178 Lactanz
896 1118 1010 1180 notirt:
1046 1117 1216 1199 6,10,1'l
1251 1118 1307 1203 qui

164 1238 236 1281 oum
260 1216 404 1279 viderint
427 1252 481 1296 —,
505 1212 650 1276 homines
671 1224 780 1278 autem
802 1217 890 1301 ipsos
914 1216 1184 1282 existimaverint

247 1317 296 1380 13.
343 1312 561 1379 Unklassisch
584 1314 651 1377 und
675 1313 779 1380 selten
801 1317 844 1379 ist
866 1321 979 1401 autem,
1003 1340 1097 1382 wenn
1113 1340 1149 1382 es
1173 1317 1243 1383 sich
1265 1341 1308 1384 an

164 1425 193 1485 61
224 1417 303 1483 oder
335 1422 428 1498 utque
461 1413 662 1479 ansehliesst.
707 1416 758 1480 Zu
790 1415 999 1501 vorgleichen
1021 1429 1108 1483 ware
1131 1417 1191 1484 das
1225 1421 1308 1505 grie

165 1519 295 1585 chische
318 1517 375 1580 ael
398 1517 443 1583 δέ.
488 1516 530 1581 So
555 1515 712 1581 nunfichst
740 1516 880 1582 beiden
903 1519 1101 1584 Komikern:
1135 1519 1184 1585 Pl.
1209 1522 1308 1586 Truc.

165 1623 195 1700 4,
218 1623 249 1703 3,
273 1620 315 1684 64
336 1618 435 1701 abite,
456 1628 493 1683 tu
515 1617 655 1701 domum,
685 1630 717 1683 et
742 1630 778 1682 tu
801 1629 910 1684 autem
933 1619 1064 1686 domum
1088 1621 1203 1704 (Hand
1226 1632 1309 1708 sagt,

167 1746 201 1788 es
224 1722 380 1787 bedentet
400 1720 455 1803 „id
478 1721 564 1805 quod
588 1722 629 1784 ab
652 1719 755 1785 altera
778 1729 870 1807 parte
892 1726 1072 1808 apparet“).
1116 1723 1234 1789 Oelter
1255 1724 1309 1790 bei

164 1825 239 1889 dem
272 1824 408 1887 aweiten
437 1826 466 1886 et
497 1822 530 1885 in
560 1820 619 1884 der
641 1822 914 1908 Corresponsion:
946 1824 1014 1887 mil.
1041 1825 1121 1889 1149
1146 1825 1174 1888 si
1198 1835 1231 1890 et
1253 1825 1310 1890 illa

165 1926 235 1992 volt
268 1935 300 1989 et
332 1924 388 1989 ille
420 1933 529 1988 autem
557 1924 657 2010 cupit.
702 1923 779 1990 Und
802 1948 837 1989 so
860 1924 958 1990 Poen.
981 1927 1013 2007 4,
1036 1926 1068 2008 2,
1093 1926 1142 1991 19.
1180 1948 1212 1990 v.
1240 1928 1309 1993 105.

165 2028 257 2092 11661
280 2032 372 2109 atque
394 2048 455 2089 nur
478 2025 561 2090 Ter.
584 2026 669 2089 Eun.
691 2026 721 2109 5,
744 2027 775 2108 4,
797 2027 850 2090 42.
867 2065 907 2074 —-
923 2026 973 2090 Im
988 2027 1170 2093 Auschluss
1193 2051 1237 2092 an
1258 2028 1311 2094 die

167 2128 401 2194 archaistische
424 2128 567 2214 Sprache
600 2138 673 2212 sagt
695 2127 776 2193 auch
799 2127 881 2192 noch
904 2128 1057 2192 Lucren
1083 2133 1111 2211 l,
1139 2130 1221 2195 1008
1254 2131 1312 2217 qui

166 2254 283 2316 corpus
318 2230 409 2294 inani
442 2241 475 2294 et
507 2228 593 2314 quod
629 2230 726 2294 inane
754 2239 863 2293 autem
886 2238 935 2294 661
956 2229 1044 2301 finiri
1065 2253 1201 2316 corpore
1224 2233 1312 2317 cogit

166 2332 269 2419 („und
293 2330 558 2414 andererseits“).
603 2330 643 2394 In
666 2330 726 2395 der
748 2330 951 2394 klassischen
974 2331 1048 2396 Zeit
1070 2331 1313 2397 verschwindet

168 2434 256 2498 diese
279 2432 512 2516 Verbindung,
548 2431 711 2495 erscheint
742 2431 822 2495 aber
854 2433 899 2494 im
922 2431 1133 2498 silbernen
1164 2432 1312 2499 Latein

168 2558 231 2600 von
255 2535 381 2599 Neuem
405 2532 517 2618 (Hand
542 2533 734 2618 bohauptet,
769 2554 803 2597 66
831 2534 969 2599 bedeute
991 2557 1026 2599 so
1049 2534 1115 2600 viel
1138 2535 1312 2619 6166166-

167 2639 274 2721 terea).
320 2639 417 2700 361161
439 2634 647 2719 gebrauchen
669 2633 760 2699 disse
783 2634 1017 2701 Schriftsteller
1039 2635 1136 2700 (161111
1157 2637 1213 2701 scd
1232 2641 1271 2701 61.

128 2735 139 2753 ’
253 2739 336 2802 Sen.
359 2758 407 2821 ep.
441 2737 493 2816 58,
520 2737 558 2799 12
590 2742 618 2800 61
650 2737 725 2801 1666
752 2742 857 2802 cutem
886 2758 968 2824 quae
990 2759 1054 2801 non
1077 2747 1168 2817 sunt,
1201 2758 1312 2802 rorum

168 2850 287 2904 natura
309 2838 545 2922 complectitur.
583 2837 629 2901 Es
651 2838 750 2922 lolgt:
780 2848 812 2902 et
834 2838 993 2924 quidquid
1016 2837 1112 2906 aliud.
1157 2839 1315 2905 Dieselbe

169 2938 299 3005 Formel
321 2940 378 3002 hat
399 2938 499 3002 Plin.
523 2937 555 3004 h.
578 2961 610 3002 n.
639 2941 685 3022 15,
710 2940 749 3003 13
772 2944 802 3021 ξ.
824 2940 866 3003 42
895 2950 927 3004 61
949 2939 1159 3004 haecautem
1182 2951 1216 3006 et
1237 2942 1315 3006 Per-

171 3043 238 3106 sica
272 3050 304 3102 61
326 3027 436 3103 cerina
468 3061 507 3103 66
528 3039 704 3104 silvestria.
741 3045 769 3121 ὅ.
793 3042 830 3104 91
857 3051 888 3104 61
910 3041 990 3104 1666
1012 3050 1120 3106 autem
1144 3041 1234 3106 idem
1257 3043 1315 3110 vi·

170 3126 278 3206 telliu's
301 3141 336 3204 in
364 3140 494 3205 11611616
528 3142 650 3227 primus
682 3142 888 3224 1111111116,
912 3143 952 3206 27
976 3145 1007 3223 §2
1033 3144 1093 3206 114
1115 3151 1147 3206 61
1168 3143 1317 3229 caprifici

170 3254 278 3308 autem
298 3241 340 3305 ab
358 3242 506 3307 adversis
529 3242 617 3307 foliis
639 3253 824 3308 nascuntur.
862 3243 967 3308 Suet.
984 3245 1069 3329 Aug.
1088 3243 1128 3307 13
1151 3253 1185 3308 61
1207 3244 1315 3311 foren-

171 3348 221 3409 sia
243 3353 351 3408 autem
379 3345 559 3409 616616666
587 3366 751 3430 nunquam
779 3367 845 3410 non
872 3347 959 3413 intra
981 3343 1166 3410 cubiculum
1189 3344 1315 3412 habuit.

169 3446 271 3532 Vesp.
287 3445 329 3508 22
351 3454 385 3509 61
406 3469 503 3531 super
525 3468 638 3510 cenam
659 3457 767 3510 autem
790 3458 822 3511 et
845 3469 971 3531 semper
993 3446 1074 3511 alias
1097 3448 1314 3514 comissimus.

172 3547 342 3627 Quintil.
364 3548 396 3629 4,
426 3550 454 3628 l,
476 3548 517 3611 66
547 3558 580 3612 61
601 3547 839 3612 Demosthenes
861 3557 969 3612 autem
992 3557 1088 3612 —et
1119 3548 1163 3613 Μ.
1187 3548 1316 3615 Tullius

171 3658 226 3714 ctt.
273 3647 374 3712 Gell.
405 3649 453 3731 10,
480 3648 532 3731 24,
561 3650 579 3712 ‘l
611 3659 643 3712 61
674 3649 845 3713 historiam
877 3660 987 3715 autem
1019 3659 1051 3713 et
1083 3647 1222 3713 verbum
1255 3651 1317 3717 hoc

171 3751 310 3836 sumpsit
337 3749 466 3814 Caelius
501 3771 542 3814 ex
568 3750 704 3833 Origine
734 3751 779 3814 M.
809 3752 971 3832 0616116,
997 3748 1197 3814 Ausserdem
1226 3751 1316 3817 citirt

172 3851 272 3915 Hand
295 3873 355 3915 nur
378 3852 460 3915 noch
483 3852 554 3914 eine
577 3851 677 3916 Stellc
699 3875 758 3916 aus
774 3852 848 3916 dem
864 3854 965 3916 Arate
981 3852 1170 3918 Scribonius
1186 3853 1315 3939 Largus

173 3953 344 4038 (Zeitalter
367 3953 424 4017 des
440 3952 575 4016 Kaisers
592 3952 766 4039 Claudius)
789 3952 855 4017 und
879 3976 937 4017 aus
961 3952 1024 4016 den
1047 3953 1220 4039 Digesten.
1256 3957 1315 4021 Bel

173 4076 352 4141 genauerer
375 4053 596 4139 Betrachtung
624 4054 815 4142 derjenigen
838 4052 977 4136 Stellen,
1010 4077 1059 4118 wo
1094 4055 1316 4142 doppelteset

173 4155 370 4237 vorkommt,
394 4155 481 4228 kann
506 4178 581 4219 man
602 4155 703 4219 Hand
724 4157 814 4221 nicht
836 4154 1060 4240 beipflichten,
1082 4178 1177 4221 wenn
1201 4179 1237 4222 er
1261 4157 1314 4222 die

176 4257 431 4343 Corresponsion
455 4254 580 4340 11161611
602 4253 741 4339 leugnet.

262 4358 311 4421 14.
356 4358 441 4421 Dem
472 4355 709 4442 entsprechend
741 4356 841 4422 findet
873 4358 942 4422 sich
976 4358 1058 4422 auch
1087 4379 1185 4441 neque
1207 4365 1313 4426 661661
