2948 4988
690 284 926 348 „133-

239 438 268 517 l,
290 437 323 516 3,
344 436 366 499 3
386 446 424 498 ut
446 435 498 498 sel
520 456 559 498 ea
573 434 748 499 defendam
769 458 855 522 quae
874 436 1050 522 Pompeius
1070 433 1162 517 velit,
1183 433 1237 498 vel
1258 446 1381 500 taceam
1423 453 1430 465 ·

234 537 289 600 vel
310 540 416 617 elium,
438 537 473 600 id
495 537 584 623 quod
605 537 685 601 mihi
707 539 851 601 maxime
873 537 979 605 lubet.
1000 536 1044 600 ad
1065 552 1177 600 nostra
1197 559 1251 600 me
1271 534 1383 601 studia

234 639 386 703 referam.
430 637 525 703 Ebeu
558 661 595 702 so
627 661 696 724 rep.
722 644 750 717 1,
777 639 823 703 ts.
852 639 883 715 2.
908 626 938 703 l.
962 642 992 702 l.
1024 638 1117 703 Xoeb
1138 637 1285 702 starker:
1309 639 1383 713 1‚3

235 741 294 804 sed
327 740 426 802 etiam
458 741 493 803 in
524 739 744 804 mediocribus
777 739 830 803 vel
861 739 980 803 studiis
1008 740 1062 803 sel
1082 739 1203 804 officiis
1230 739 1279 804 tel
1308 760 1384 804 nero

234 844 329 906 diam
352 841 506 925 negotiis.
528 878 571 888 —
593 840 620 904 C
628 863 708 904 aes.
731 839 763 903 b.
785 863 818 924 g.
843 844 873 903 1.
894 842 926 906 o'.

319 944 415 1006 Auch
437 942 491 1007 da.
513 965 565 1007 wo
588 943 634 1006 ccl
656 980 694 988 -
719 942 764 1005 cel
785 942 959 1005 scheinbar
972 941 1125 1005 dasselbe
1146 940 1302 1005 bedentet
1319 943 1384 1006 wie

234 1051 265 1109 ct
286 1082 325 1093 -
346 1050 385 1121 cl,
407 1046 451 1107 ist
472 1046 507 1108 in
521 1044 580 1107 der
594 1044 682 1107 That
704 1045 758 1106 ein
773 1043 990 1129 disjunctis-es
1006 1042 1211 1107 Verbiltuiss
1226 1042 1384 1128 gedaebt,

235 1148 297 1210 wie
324 1147 404 1212 Cic.
430 1146 474 1208 de
499 1168 544 1208 or.
573 1147 605 1211 ’2.
631 1148 658 1208 l.
680 1147 701 1209 3
723 1166 820 1230 quem
847 1146 889 1208 ad
918 1144 1050 1207 modum
1077 1142 1134 1207 ille
1161 1143 1215 1207 vel
1241 1145 1385 1209 Athenis

235 1248 289 1311 vel
318 1247 425 1312 Rhodi
452 1269 488 1310 se
515 1247 779 1310 doctissimorum
806 1246 972 1309 bominum
998 1246 1203 1311 sermonibus
1223 1243 1385 1310 dedisset.

236 1352 304 1430 (An
337 1349 457 1412 beiden
484 1348 588 1412 Orien
620 1350 663 1411 ist
691 1347 856 1410 Antonius
887 1368 1057 1430 geu-esen,
1089 1347 1149 1410 der
1180 1347 1263 1411 Sinn
1294 1345 1385 1411 also:

233 1450 424 1534 gleiehviel‚
446 1451 489 1513 ob
516 1444 592 1512 nian
618 1449 716 1513 dabei
743 1470 788 1511 an
809 1449 874 1511 deu
895 1446 1090 1511 Ant'euthalt
1111 1449 1148 1511 in
1167 1446 1280 1512 Atben
1301 1447 1387 1513 oder

233 1552 297 1616 Rh.
312 1551 444 1633 denkti.
466 1551 541 1614 Lis.
564 1555 592 1628 1,
618 1553 646 1631 l,
668 1552 689 1614 S
710 1551 856 1614 animum
872 1547 926 1612 vel
947 1547 1034 1612 bello
1048 1548 1104 1612 vel
1124 1550 1199 1636 μοί
1220 1558 1386 1635 paratum.

242 1657 271 1719 l.
292 1655 346 1733 42.
367 1655 391 1716 5
410 1652 558 1716 ordinem
579 1689 621 1698 -
645 1651 697 1714 vel
726 1654 800 1738 paci
828 1652 982 1716 decorum
1009 1649 1064 1714 vel
1085 1649 1184 1714 bello.
1224 1650 1385 1738 Lampr.

234 1754 289 1819 At
311 1755 388 1819 Ser.
410 1755 453 1818 43
480 1772 513 1817 et
540 1754 688 1818 nundina
714 1770 828 1818 vetera
855 1776 898 1817 ex
919 1753 1034 1816 ordine
1054 1752 1214 1833 instituit,
1235 1751 1291 1816 sel
1311 1752 1387 1817 dies

234 1856 289 1920 rel
318 1867 473 1941 tempora
517 1855 633 1919 Treb.
655 1855 745 1921 Gall.
766 1857 789 1919 5
810 1854 998 1941 pestilentia
1019 1870 1111 1917 tanta
1132 1855 1306 1919 exstiterat
1329 1855 1386 1919 sel

235 1958 360 2022 Rornae
381 1959 434 2019 rel
456 1958 612 2020 Achaicis
633 1958 782 2035 urbibus,
803 1974 840 2020 ut
860 1965 918 2019 ctt

320 2059 396 2122 Wie
424 2060 458 2121 in
480 2057 540 2120 Xr.
566 2061 594 2139 1,
616 2058 718 2121 findet
746 2058 817 2121 sich
844 2057 927 2122 auch
957 2058 1029 2120 bier
1053 2057 1387 2144 Abweobsolung

234 2161 303 2226 und
327 2159 506 2225 willkor
527 2161 561 2223 in
587 2159 647 2222 der
668 2159 769 2222 tt'shl
797 2181 861 2222 von
889 2166 947 2223 ost
967 2160 1048 2224 oder
1068 2160 1131 2239 αἶς
1159 2179 1197 2223 so
1218 2158 1386 2223 trecbselu

235 2264 289 2327 die
310 2261 482 2326 Partikeln
509 2261 563 2324 bei
583 2260 691 2324 Laet.
714 2264 747 2340 4,
768 2262 801 2341 4,
827 2264 861 2324 ll
892 2283 1007 2324 servus
1034 2272 1102 2341 est,
1128 2260 1186 2346 qui
1213 2260 1386 2325 dominum

235 2387 330 2429 suum
357 2378 413 2427 aut
435 2363 541 2447 fugiat
562 2374 620 2426 aut
642 2363 782 2437 nesciat,
812 2374 845 2426 et
867 2364 988 2448 impius
1010 2361 1107 2426 filius.
1120 2362 1187 2447 ‘qui
1207 2383 1304 2426 suum
1326 2384 1386 2428 ve-

234 2489 308 2530 rum
329 2484 455 2553 patrem
476 2462 530 2527 rel
551 2463 658 2527 oderit
681 2464 735 2526 rel
758 2466 898 2547 ignoret.
920 2502 961 2510 —
984 2463 1317 2548 [ntergeorduet
1339 2466 1386 2530 ist

235 2568 404 2655 duppeltes
426 2568 472 2631 rel
498 2566 573 2628 dem
599 2572 657 2630 out
684 2566 737 2629 bei
760 2566 840 2633 Cic.
867 2564 1001 2628 desen.
1027 2566 1066 2628 16
1087 2564 1144 2628 ubi
1165 2566 1252 2628 enim
1272 2576 1386 2651 potest

237 2668 293 2732 illa
313 2685 405 2732 aetas
433 2684 490 2732 aut
518 2666 679 2731 caleoeere
705 2668 760 2731 sel
787 2667 989 2752 apricatione
1015 2667 1131 2730 melius
1158 2665 1302 2749 religni
1326 2680 1386 2732 aut

237 2772 384 2833 vicissim
410 2769 535 2832 umbris
562 2772 699 2855 aquisve
725 2769 916 2853 refrigerari
944 2766 1130 2831 salubrius?
1159 2766 1253 2830 Eben
1280 2769 1386 2834 sodo

236 2870 304 2933 dis.
331 2871 364 2951 2.
385 2871 439 2951 59,
468 2871 529 2934 ΙῨ.)
556 2888 611 2933 aut
644 2892 761 2934 canere
793 2870 846 2934 vel
878 2891 959 2934 voce
991 2868 1044 2932 rel
1077 2869 1209 2933 fidibus.
1262 2868 1385 2936 Falscb

236 2970 362 3035 scheint
385 2971 439 3034 die
460 2970 688 3035 handschrit'tl.
710 2972 828 3035 Lesart
851 2972 904 3035 bei
926 2971 996 3034 cie.
1019 2994 1052 3033 n.
1074 2972 1108 3034 d.
1130 2971 1163 3049 2,
1183 2971 1238 3049 34,
1265 2970 1307 3035 δῖ
1331 2994 1385 3035 so·

236 3073 353 3135 larium
387 3071 439 3135 vel
470 3072 673 3158 descriptum
699 3091 755 3136 aut
785 3096 828 3137 ex
854 3094 939 3158 aqua
959 3074 1077 3158 ijetzt:
1110 3071 1165 3134 vel
1186 3071 1386 3158 discriptum

236 3173 288 3237 sel
310 3196 353 3237 ex
375 3176 485 3259 aquai
528 3175 620 3237 Aber
643 3176 676 3237 in
696 3174 876 3258 folgenden
899 3174 980 3236 zuei
999 3172 1123 3237 Stellen
1144 3172 1201 3236 hat
1222 3172 1271 3237 tel
1289 3174 1386 3238 nieht

235 3274 454 3362 disjunctive.
482 3273 624 3338 sondern
653 3277 859 3339 intensive
880 3275 1092 3358 Bedeutung:
1115 3275 1231 3359 Prop.
1252 3276 1283 3350 2,
1305 3274 1386 3355 26

237 3394 269 3439 et
305 3376 427 3439 incedit
461 3374 515 3438 vel
536 3375 621 3439 Jove
642 3376 742 3460 digna
765 3399 872 3441 soror.
900 3394 956 3440 aut
979 3399 1053 3439 cum
1075 3374 1248 3439 Dulichias
1270 3374 1385 3440 Pallas

234 3478 396 3564 spatiatur
417 3492 475 3544 ctt.
509 3478 542 3541 3.
564 3479 616 3555 21,
637 3478 680 3541 :³5
707 3477 774 3541 illic
803 3477 855 3540 vel
882 3478 1001 3541 studiis
1035 3478 1179 3540 animum
1207 3476 1386 3543 emendare

235 3579 383 3643 Platonis
423 3581 578 3664 incipiam
611 3595 667 3643 aut
701 3578 822 3645 bortis.
853 3579 950 3642 docte
980 3579 1139 3664 Epicure.
1171 3579 1249 3640 tuis
1303 3578 1383 3664 vgt.

235 3680 375 3747 Hertzb.
396 3680 451 3745 111
473 3680 506 3745 S.
529 3682 604 3744 311.
647 3680 724 3746 [ud
745 3703 828 3765 ganz
854 3680 1008 3744 uusicher
1034 3682 1077 3742 ist
1098 3686 1157 3743 ost
1178 3701 1238 3742 tor
1258 3681 1307 3743 tel
1329 3680 1386 3746 bei
1469 3686 1472 3703 '

236 3781 353 3847 Ovio
380 3799 456 3845 met.
482 3786 512 3853 1,
532 3782 597 3846 oto
622 3784 664 3864 (s.
693 3781 762 3845 das.
791 3782 905 3846 Bochl.
949 3780 1060 3845 l'eber
1088 3781 1134 3844 rel
1159 3779 1228 3843 und
1253 3782 1323 3847 sice
1349 3784 1387 3846 iu

236 3883 584 3968 correspondirendem
605 3885 708 3948 Sinne
728 3907 755 3947 s.
777 3887 808 3964 ξ.
831 3884 906 3948 oto.
930 3884 959 3945 ἶ.

319 3989 351 4065 ξ.
372 3986 447 4049 345.
489 3984 562 4050 Das
589 3984 787 4049 enklitiscbe
815 4008 847 4048 o:
875 3987 917 4048 ist
946 3983 1110 4048 vielleicbt
1132 4006 1191 4047 aus
1212 3984 1261 4048 ccl
1279 3984 1386 4071 abgo-

235 4083 401 4148 sebricht
422 4086 490 4149 und
519 4088 593 4150 dem
621 4087 801 4171 entspricht
824 4085 878 4149 die
899 4102 1001 4150 etwas
1022 4084 1231 4150 schwitchere
1251 4083 1387 4152 Beden-

235 4202 326 4270 tung.
370 4185 418 4249 Es
439 4188 526 4251 steht

323 4290 351 4351 l.
373 4288 515 4355 einlacb.
536 4291 647 4353 nicht
663 4287 967 4375 correspondirend.
996 4290 1068 4351 elus
1082 4289 1145 4352 den
1161 4287 1233 4351 ΧΠ
1245 4287 1387 4354 Taseln:

235 4409 333 4476 super
362 4391 503 4476 pecuina
534 4389 691 4454 tutelave·
711 4412 792 4454 suae
813 4392 869 4456 rei.
913 4390 1017 4456 Cato
1045 4411 1070 4454 r.
1099 4412 1124 4455 r.
1151 4389 1172 4453 2
1200 4400 1280 4476 quot
1310 4391 1386 4459 dies
