<?xml version="1.0" encoding="UTF-8"?>
<!DOCTYPE html PUBLIC "-//W3C//DTD XHTML 1.0 Transitional//EN"
    "http://www.w3.org/TR/xhtml1/DTD/xhtml1-transitional.dtd">
<html xmlns="http://www.w3.org/1999/xhtml" xml:lang="en" lang="en">
 <head>
  <title>
</title>
<meta http-equiv="Content-Type" content="text/html;charset=utf-8" />
  <meta name='ocr-system' content='tesseract 3.04.00' />
  <meta name='ocr-capabilities' content='ocr_page ocr_carea ocr_par ocr_line ocrx_word'/>
</head>
<body>
  <div class='ocr_page' id='page_1' title='image "./historischesynt01draegoog_0686.png"; bbox 0 0 2948 4988; ppageno 0'>
   <div class='ocr_carea' id='block_1_1' title="bbox 593 305 823 370">
    <p class='ocr_par' dir='ltr' id='par_1_1' title="bbox 593 305 823 370">
     <span class='ocr_line' id='line_1_1' title="bbox 593 305 823 370; baseline -0.004 0"><span class='ocrx_word' id='word_1_1' title='bbox 593 305 823 370; x_wconf 84' lang='lat'>-661-</span> 
     </span>
    </p>
   </div>
   <div class='ocr_carea' id='block_1_2' title="bbox 142 475 1283 4020">
    <p class='ocr_par' dir='ltr' id='par_1_2' title="bbox 142 475 1283 4020">
     <span class='ocr_line' id='line_1_2' title="bbox 145 475 1282 563; baseline 0.003 -25"><span class='ocrx_word' id='word_1_2' title='bbox 145 477 171 556; x_wconf 95' lang='lat'>1,</span> <span class='ocrx_word' id='word_1_3' title='bbox 196 475 251 559; x_wconf 90' lang='lat'>10,</span> <span class='ocrx_word' id='word_1_4' title='bbox 274 476 317 540; x_wconf 88' lang='lat'>33</span> <span class='ocrx_word' id='word_1_5' title='bbox 345 497 482 562; x_wconf 88' lang='lat' dir='ltr'>cumque</span> <span class='ocrx_word' id='word_1_6' title='bbox 512 475 593 540; x_wconf 91' lang='lat' dir='ltr'><strong>nihil</strong></span> <span class='ocrx_word' id='word_1_7' title='bbox 621 476 759 563; x_wconf 91' lang='lat' dir='ltr'>impedit</span> <span class='ocrx_word' id='word_1_8' title='bbox 788 498 817 562; x_wconf 88' lang='lat' dir='ltr'>q.</span> <span class='ocrx_word' id='word_1_9' title='bbox 845 499 887 541; x_wconf 93' lang='lat' dir='ltr'>m.</span> <span class='ocrx_word' id='word_1_10' title='bbox 915 475 948 540; x_wconf 90' lang='lat' dir='ltr'>id</span> <span class='ocrx_word' id='word_1_11' title='bbox 979 475 1087 540; x_wconf 85' lang='lat' dir='ltr'>faeere</span> <span class='ocrx_word' id='word_1_12' title='bbox 1109 476 1282 562; x_wconf 87' lang='lat' dir='ltr'>possimus.</span> 
     </span>
     <span class='ocr_line' id='line_1_3' title="bbox 142 576 1283 664; baseline 0.001 -24"><span class='ocrx_word' id='word_1_13' title='bbox 142 577 210 640; x_wconf 87' lang='lat' dir='ltr'>lam.</span> <span class='ocrx_word' id='word_1_14' title='bbox 237 578 295 660; x_wconf 93' lang='grc'>11,</span> <span class='ocrx_word' id='word_1_15' title='bbox 322 579 371 656; x_wconf 88' lang='grc'>10,</span> <span class='ocrx_word' id='word_1_16' title='bbox 394 577 414 640; x_wconf 90' lang='lat'>6</span> <span class='ocrx_word' id='word_1_17' title='bbox 436 600 466 664; x_wconf 89' lang='lat' dir='ltr'>q.</span> <span class='ocrx_word' id='word_1_18' title='bbox 490 600 529 642; x_wconf 94' lang='lat' dir='ltr'>m.</span> <span class='ocrx_word' id='word_1_19' title='bbox 554 576 780 664; x_wconf 82' lang='lat' dir='ltr'>interpellent,</span> <span class='ocrx_word' id='word_1_20' title='bbox 809 599 874 642; x_wconf 92' lang='lat' dir='ltr'>non</span> <span class='ocrx_word' id='word_1_21' title='bbox 896 577 1047 662; x_wconf 88' lang='lat' dir='ltr'>impedio.</span> <span class='ocrx_word' id='word_1_22' title='bbox 1091 578 1123 659; x_wconf 89' lang='lat'>3,</span> <span class='ocrx_word' id='word_1_23' title='bbox 1147 578 1176 660; x_wconf 87' lang='grc'>7,</span> <span class='ocrx_word' id='word_1_24' title='bbox 1198 578 1219 642; x_wconf 89' lang='lat'><strong>3</strong></span> <span class='ocrx_word' id='word_1_25' title='bbox 1241 599 1283 641; x_wconf 90' lang='lat' dir='ltr'>ne</span> 
     </span>
     <span class='ocr_line' id='line_1_4' title="bbox 142 677 1282 767; baseline 0 -24"><span class='ocrx_word' id='word_1_26' title='bbox 142 700 189 744; x_wconf 85' lang='lat' dir='ltr'>eos</span> <span class='ocrx_word' id='word_1_27' title='bbox 218 679 411 767; x_wconf 82' lang='lat' dir='ltr'>impedirem</span> <span class='ocrx_word' id='word_1_28' title='bbox 440 702 471 766; x_wconf 93' lang='lat' dir='ltr'>q.</span> <span class='ocrx_word' id='word_1_29' title='bbox 494 702 536 743; x_wconf 91' lang='lat' dir='ltr'><strong>m.</strong></span> <span class='ocrx_word' id='word_1_30' title='bbox 580 679 674 742; x_wconf 84' lang='lat' dir='ltr'>Nanh</span> <span class='ocrx_word' id='word_1_31' title='bbox 702 679 846 744; x_wconf 79' lang='lat' dir='ltr'>anderen</span> <span class='ocrx_word' id='word_1_32' title='bbox 871 677 1003 761; x_wconf 84' lang='lat' dir='ltr'>Verbis,</span> <span class='ocrx_word' id='word_1_33' title='bbox 1033 681 1065 742; x_wconf 92' lang='lat' dir='ltr'>in</span> <span class='ocrx_word' id='word_1_34' title='bbox 1094 677 1200 757; x_wconf 85' lang='lat' dir='ltr'>denen</span> <span class='ocrx_word' id='word_1_35' title='bbox 1229 680 1282 743; x_wconf 91' lang='lat' dir='ltr'>ein</span> 
     </span>
     <span class='ocr_line' id='line_1_5' title="bbox 142 779 1282 865; baseline -0.001 -21"><span class='ocrx_word' id='word_1_36' title='bbox 142 779 264 864; x_wconf 82' lang='lat' dir='ltr'>Begriff</span> <span class='ocrx_word' id='word_1_37' title='bbox 281 782 339 846; x_wconf 89' lang='lat' dir='ltr'>des</span> <span class='ocrx_word' id='word_1_38' title='bbox 355 781 521 846; x_wconf 89' lang='lat' dir='ltr'>Hindems</span> <span class='ocrx_word' id='word_1_39' title='bbox 544 780 625 864; x_wconf 85' lang='lat' dir='ltr'>liegt</span> <span class='ocrx_word' id='word_1_40' title='bbox 647 779 725 845; x_wconf 90' lang='lat' dir='ltr'>oder</span> <span class='ocrx_word' id='word_1_41' title='bbox 748 779 805 844; x_wconf 91' lang='lat' dir='ltr'>des</span> <span class='ocrx_word' id='word_1_42' title='bbox 824 779 1146 865; x_wconf 85' lang='lat' dir='ltr'>Zusammenhanges</span> <span class='ocrx_word' id='word_1_43' title='bbox 1169 801 1282 865; x_wconf 84' lang='lat' dir='ltr'>wegen</span> 
     </span>
     <span class='ocr_line' id='line_1_6' title="bbox 142 880 1279 967; baseline 0 -23"><span class='ocrx_word' id='word_1_44' title='bbox 142 880 243 967; x_wconf 86' lang='lat' dir='ltr'>liegen</span> <span class='ocrx_word' id='word_1_45' title='bbox 264 881 390 964; x_wconf 84' lang='lat' dir='ltr'>kann,</span> <span class='ocrx_word' id='word_1_46' title='bbox 413 881 470 947; x_wconf 89' lang='lat' dir='ltr'>hat</span> <span class='ocrx_word' id='word_1_47' title='bbox 485 883 600 948; x_wconf 84' lang='lat' dir='ltr'>Cicero</span> <span class='ocrx_word' id='word_1_48' title='bbox 622 882 713 946; x_wconf 88' lang='lat' dir='ltr'>nieht</span> <span class='ocrx_word' id='word_1_49' title='bbox 728 880 833 947; x_wconf 89' lang='lat' dir='ltr'>selten</span> <span class='ocrx_word' id='word_1_50' title='bbox 854 903 915 964; x_wconf 85' lang='lat' dir='ltr'>qao</span> <span class='ocrx_word' id='word_1_51' title='bbox 937 884 1058 947; x_wconf 73' lang='lat' dir='ltr'>minua·</span> <span class='ocrx_word' id='word_1_52' title='bbox 1080 882 1155 946; x_wconf 83' lang='lat' dir='ltr'>lam.</span> <span class='ocrx_word' id='word_1_53' title='bbox 1174 882 1244 965; x_wconf 90' lang='grc'><strong>7,1,</strong></span> <span class='ocrx_word' id='word_1_54' title='bbox 1264 885 1279 944; x_wconf 95' lang='lat'>1</span> 
     </span>
     <span class='ocr_line' id='line_1_7' title="bbox 142 980 1283 1072; baseline 0 -25"><span class='ocrx_word' id='word_1_55' title='bbox 142 983 162 1047; x_wconf 76' lang='lat' dir='ltr'>si</span> <span class='ocrx_word' id='word_1_56' title='bbox 183 993 219 1047; x_wconf 88' lang='lat' dir='ltr'>te</span> <span class='ocrx_word' id='word_1_57' title='bbox 242 980 337 1049; x_wconf 90' lang='lat' dir='ltr'>dolor</span> <span class='ocrx_word' id='word_1_58' title='bbox 357 1021 396 1032; x_wconf 86' lang='lat'>·-</span> <span class='ocrx_word' id='word_1_59' title='bbox 420 986 520 1050; x_wconf 56' lang='lat' dir='ltr'>enuit</span> <span class='ocrx_word' id='word_1_60' title='bbox 539 1009 571 1072; x_wconf 88' lang='lat' dir='ltr'>q.</span> <span class='ocrx_word' id='word_1_61' title='bbox 595 1007 635 1048; x_wconf 90' lang='lat' dir='ltr'>m.</span> <span class='ocrx_word' id='word_1_62' title='bbox 661 984 703 1048; x_wconf 88' lang='lat' dir='ltr'>sd</span> <span class='ocrx_word' id='word_1_63' title='bbox 725 983 820 1049; x_wconf 92' lang='lat' dir='ltr'>ludos</span> <span class='ocrx_word' id='word_1_64' title='bbox 844 986 984 1049; x_wconf 87' lang='lat' dir='ltr'>venires.</span> <span class='ocrx_word' id='word_1_65' title='bbox 1021 984 1156 1066; x_wconf 80' lang='grc' dir='ltr'><strong>ὀ,16,2</strong></span> <span class='ocrx_word' id='word_1_66' title='bbox 1178 1005 1283 1071; x_wconf 89' lang='lat' dir='ltr'>neque</span> 
     </span>
     <span class='ocr_line' id='line_1_8' title="bbox 142 1085 1280 1173; baseline -0.002 -23"><span class='ocrx_word' id='word_1_67' title='bbox 142 1108 205 1150; x_wconf 73' lang='lat' dir='ltr'>esse</span> <span class='ocrx_word' id='word_1_68' title='bbox 234 1086 445 1150; x_wconf 62' lang='lat' dir='ltr'>recreandam</span> <span class='ocrx_word' id='word_1_69' title='bbox 472 1109 501 1173; x_wconf 90' lang='lat' dir='ltr'>q.</span> <span class='ocrx_word' id='word_1_70' title='bbox 531 1108 573 1151; x_wconf 93' lang='lat' dir='ltr'>m.</span> <span class='ocrx_word' id='word_1_71' title='bbox 602 1108 642 1151; x_wconf 86' lang='lat' dir='ltr'>ea</span> <span class='ocrx_word' id='word_1_72' title='bbox 667 1085 860 1152; x_wconf 82' lang='lat' dir='ltr'>condicione</span> <span class='ocrx_word' id='word_1_73' title='bbox 888 1086 1048 1151; x_wconf 87' lang='lat' dir='ltr'>vivamus.</span> <span class='ocrx_word' id='word_1_74' title='bbox 1079 1085 1178 1150; x_wconf 92' lang='lat' dir='ltr'><strong>.Phil.</strong></span> <span class='ocrx_word' id='word_1_75' title='bbox 1202 1086 1238 1168; x_wconf 86' lang='lat'>9,</span> <span class='ocrx_word' id='word_1_76' title='bbox 1264 1087 1280 1148; x_wconf 89' lang='lat'>1</span> 
     </span>
     <span class='ocr_line' id='line_1_9' title="bbox 142 1186 1281 1277; baseline -0.001 -26"><span class='ocrx_word' id='word_1_77' title='bbox 142 1209 197 1252; x_wconf 81' lang='lat' dir='ltr'>non</span> <span class='ocrx_word' id='word_1_78' title='bbox 223 1188 390 1252; x_wconf 84' lang='lat' dir='ltr'>recusavit</span> <span class='ocrx_word' id='word_1_79' title='bbox 412 1209 443 1274; x_wconf 90' lang='lat' dir='ltr'>q.</span> <span class='ocrx_word' id='word_1_80' title='bbox 466 1210 508 1252; x_wconf 92' lang='lat' dir='ltr'><strong>m.</strong></span> <span class='ocrx_word' id='word_1_81' title='bbox 531 1225 573 1236; x_wconf 90' lang='lat'><em>-</em></span> <span class='ocrx_word' id='word_1_82' title='bbox 594 1190 809 1275; x_wconf 86' lang='lat' dir='ltr'>experiretur.</span> <span class='ocrx_word' id='word_1_83' title='bbox 847 1186 888 1251; x_wconf 91' lang='lat' dir='ltr'>de</span> <span class='ocrx_word' id='word_1_84' title='bbox 910 1188 992 1253; x_wconf 85' lang='lat' dir='ltr'>o&#39;r.2</span> <span class='ocrx_word' id='word_1_85' title='bbox 1015 1192 1048 1277; x_wconf 75' lang='lat'>§.¹</span> <span class='ocrx_word' id='word_1_86' title='bbox 1066 1188 1121 1251; x_wconf 92' lang='lat'>121</span> <span class='ocrx_word' id='word_1_87' title='bbox 1146 1209 1211 1252; x_wconf 91' lang='lat' dir='ltr'>non</span> <span class='ocrx_word' id='word_1_88' title='bbox 1232 1208 1281 1251; x_wconf 91' lang='lat' dir='ltr'>re·</span> 
     </span>
     <span class='ocr_line' id='line_1_10' title="bbox 142 1288 1283 1374; baseline 0.001 -22"><span class='ocrx_word' id='word_1_89' title='bbox 142 1288 257 1354; x_wconf 78' lang='lat' dir='ltr'>rusabo</span> <span class='ocrx_word' id='word_1_90' title='bbox 280 1311 311 1374; x_wconf 91' lang='lat' dir='ltr'>q.</span> <span class='ocrx_word' id='word_1_91' title='bbox 334 1312 376 1352; x_wconf 92' lang='lat' dir='ltr'>m.</span> <span class='ocrx_word' id='word_1_92' title='bbox 420 1288 515 1354; x_wconf 86' lang='lat' dir='ltr'>Eben</span> <span class='ocrx_word' id='word_1_93' title='bbox 537 1311 574 1355; x_wconf 94' lang='lat' dir='ltr'>so</span> <span class='ocrx_word' id='word_1_94' title='bbox 596 1290 650 1354; x_wconf 90' lang='lat' dir='ltr'><strong>fin.</strong></span> <span class='ocrx_word' id='word_1_95' title='bbox 677 1291 704 1373; x_wconf 90' lang='lat'>1,</span> <span class='ocrx_word' id='word_1_96' title='bbox 727 1291 757 1372; x_wconf 91' lang='lat'>3,</span> <span class='ocrx_word' id='word_1_97' title='bbox 780 1290 807 1353; x_wconf 94' lang='grc'>7.</span> <span class='ocrx_word' id='word_1_98' title='bbox 831 1289 868 1352; x_wconf 84' lang='grc'>’3</span> <span class='ocrx_word' id='word_1_99' title='bbox 891 1293 922 1370; x_wconf 63' lang='grc' dir='ltr'>ἓ.</span> <span class='ocrx_word' id='word_1_100' title='bbox 946 1290 986 1354; x_wconf 87' lang='grc'>67</span> <span class='ocrx_word' id='word_1_101' title='bbox 1009 1312 1074 1353; x_wconf 88' lang='lat' dir='ltr'>non</span> <span class='ocrx_word' id='word_1_102' title='bbox 1096 1290 1283 1354; x_wconf 79' lang='lat' dir='ltr'>adversatur</span> 
     </span>
     <span class='ocr_line' id='line_1_11' title="bbox 142 1390 1281 1477; baseline 0 -23"><span class='ocrx_word' id='word_1_103' title='bbox 142 1392 185 1454; x_wconf 84' lang='lat' dir='ltr'>ius</span> <span class='ocrx_word' id='word_1_104' title='bbox 209 1412 241 1475; x_wconf 93' lang='lat' dir='ltr'>q.</span> <span class='ocrx_word' id='word_1_105' title='bbox 266 1412 308 1453; x_wconf 95' lang='lat' dir='ltr'>m.</span> <span class='ocrx_word' id='word_1_106' title='bbox 353 1390 450 1454; x_wconf 79' lang='lat' dir='ltr'>Tusa.</span> <span class='ocrx_word' id='word_1_107' title='bbox 477 1392 493 1454; x_wconf 91' lang='lat'>1</span> <span class='ocrx_word' id='word_1_108' title='bbox 517 1395 548 1472; x_wconf 63' lang='grc' dir='ltr'>ξ.</span> <span class='ocrx_word' id='word_1_109' title='bbox 572 1391 611 1456; x_wconf 90' lang='grc'>91</span> <span class='ocrx_word' id='word_1_110' title='bbox 635 1414 702 1456; x_wconf 86' lang='grc' dir='ltr'><strong>ιιοιι</strong></span> <span class='ocrx_word' id='word_1_111' title='bbox 723 1393 854 1456; x_wconf 80' lang='lat' dir='ltr'>deterret</span> <span class='ocrx_word' id='word_1_112' title='bbox 874 1392 1054 1475; x_wconf 80' lang='lat' dir='ltr'>sapientem</span> <span class='ocrx_word' id='word_1_113' title='bbox 1077 1413 1163 1455; x_wconf 89' lang='lat' dir='ltr'>mors</span> <span class='ocrx_word' id='word_1_114' title='bbox 1186 1414 1215 1477; x_wconf 88' lang='lat' dir='ltr'>q.</span> <span class='ocrx_word' id='word_1_115' title='bbox 1240 1414 1281 1455; x_wconf 94' lang='lat' dir='ltr'>m.</span> 
     </span>
     <span class='ocr_line' id='line_1_12' title="bbox 142 1491 1280 1578; baseline 0.001 -23"><span class='ocrx_word' id='word_1_116' title='bbox 142 1492 213 1578; x_wconf 74' lang='lat' dir='ltr'>reip.</span> <span class='ocrx_word' id='word_1_117' title='bbox 238 1491 372 1578; x_wconf 87' lang='lat' dir='ltr'>suisque</span> <span class='ocrx_word' id='word_1_118' title='bbox 394 1495 550 1558; x_wconf 84' lang='lat' dir='ltr'>consulat.</span> <span class='ocrx_word' id='word_1_119' title='bbox 590 1496 659 1559; x_wconf 85' lang='lat' dir='ltr'>Att.</span> <span class='ocrx_word' id='word_1_120' title='bbox 679 1494 727 1575; x_wconf 94' lang='lat'>11,</span> <span class='ocrx_word' id='word_1_121' title='bbox 744 1493 773 1571; x_wconf 88' lang='lat'>8,</span> <span class='ocrx_word' id='word_1_122' title='bbox 793 1495 810 1556; x_wconf 85' lang='lat'>1</span> <span class='ocrx_word' id='word_1_123' title='bbox 833 1514 938 1578; x_wconf 91' lang='lat' dir='ltr'>neque</span> <span class='ocrx_word' id='word_1_124' title='bbox 959 1503 992 1556; x_wconf 91' lang='lat' dir='ltr'>te</span> <span class='ocrx_word' id='word_1_125' title='bbox 1015 1493 1161 1557; x_wconf 84' lang='lat' dir='ltr'>deterreo</span> <span class='ocrx_word' id='word_1_126' title='bbox 1185 1514 1215 1578; x_wconf 88' lang='lat' dir='ltr'>q.</span> <span class='ocrx_word' id='word_1_127' title='bbox 1238 1514 1280 1556; x_wconf 92' lang='lat' dir='ltr'>m.</span> 
     </span>
     <span class='ocr_line' id='line_1_13' title="bbox 142 1593 1279 1680; baseline 0 -23"><span class='ocrx_word' id='word_1_128' title='bbox 142 1593 169 1657; x_wconf 84' lang='lat' dir='ltr'>id</span> <span class='ocrx_word' id='word_1_129' title='bbox 191 1593 352 1678; x_wconf 89' lang='lat' dir='ltr'>disputes.</span> <span class='ocrx_word' id='word_1_130' title='bbox 397 1593 474 1662; x_wconf 81' lang='lat' dir='ltr'>iam.</span> <span class='ocrx_word' id='word_1_131' title='bbox 498 1596 528 1677; x_wconf 88' lang='lat'>6,</span> <span class='ocrx_word' id='word_1_132' title='bbox 552 1594 603 1679; x_wconf 92' lang='lat'>22,</span> <span class='ocrx_word' id='word_1_133' title='bbox 628 1597 643 1658; x_wconf 97' lang='lat' dir='ltr'>l</span> <span class='ocrx_word' id='word_1_134' title='bbox 667 1616 772 1680; x_wconf 91' lang='lat' dir='ltr'>neque</span> <span class='ocrx_word' id='word_1_135' title='bbox 795 1616 834 1658; x_wconf 88' lang='lat' dir='ltr'>ea</span> <span class='ocrx_word' id='word_1_136' title='bbox 856 1616 907 1658; x_wconf 90' lang='lat' dir='ltr'>res</span> <span class='ocrx_word' id='word_1_137' title='bbox 930 1616 981 1658; x_wconf 93' lang='lat' dir='ltr'>me</span> <span class='ocrx_word' id='word_1_138' title='bbox 1004 1593 1163 1658; x_wconf 89' lang='lat' dir='ltr'>deterruit</span> <span class='ocrx_word' id='word_1_139' title='bbox 1184 1616 1214 1680; x_wconf 88' lang='lat' dir='ltr'>q.</span> <span class='ocrx_word' id='word_1_140' title='bbox 1238 1617 1279 1658; x_wconf 92' lang='lat' dir='ltr'>m.</span> 
     </span>
     <span class='ocr_line' id='line_1_14' title="bbox 142 1693 1281 1783; baseline 0 -23"><span class='ocrx_word' id='word_1_141' title='bbox 142 1693 265 1760; x_wconf 86' lang='lat' dir='ltr'>litteras</span> <span class='ocrx_word' id='word_1_142' title='bbox 287 1695 329 1759; x_wconf 90' lang='lat' dir='ltr'>ad</span> <span class='ocrx_word' id='word_1_143' title='bbox 353 1704 385 1759; x_wconf 89' lang='lat' dir='ltr'>te</span> <span class='ocrx_word' id='word_1_144' title='bbox 407 1695 579 1764; x_wconf 90' lang='lat' dir='ltr'>mitterem.</span> <span class='ocrx_word' id='word_1_145' title='bbox 615 1696 691 1763; x_wconf 86' lang='lat' dir='ltr'>fam.</span> <span class='ocrx_word' id='word_1_146' title='bbox 718 1696 872 1779; x_wconf 86' lang='lat'>11,10,1</span> <span class='ocrx_word' id='word_1_147' title='bbox 895 1696 1088 1779; x_wconf 72' lang='lat' dir='ltr'>interpellent</span> <span class='ocrx_word' id='word_1_148' title='bbox 1109 1718 1161 1761; x_wconf 90' lang='lat' dir='ltr'>me</span> <span class='ocrx_word' id='word_1_149' title='bbox 1184 1718 1215 1783; x_wconf 91' lang='lat' dir='ltr'>q.</span> <span class='ocrx_word' id='word_1_150' title='bbox 1239 1717 1281 1760; x_wconf 94' lang='lat' dir='ltr'>m.</span> 
     </span>
     <span class='ocr_line' id='line_1_15' title="bbox 142 1796 1280 1884; baseline 0.001 -24"><span class='ocrx_word' id='word_1_151' title='bbox 142 1796 312 1862; x_wconf 73' lang='lat' dir='ltr'>honoratus</span> <span class='ocrx_word' id='word_1_152' title='bbox 341 1797 421 1879; x_wconf 89' lang='lat' dir='ltr'>sim,</span> <span class='ocrx_word' id='word_1_153' title='bbox 451 1797 527 1861; x_wconf 92' lang='lat' dir='ltr'>dum</span> <span class='ocrx_word' id='word_1_154' title='bbox 550 1819 592 1862; x_wconf 91' lang='lat' dir='ltr'>ne</span> <span class='ocrx_word' id='word_1_155' title='bbox 617 1796 825 1884; x_wconf 88' lang='lat' dir='ltr'>interpellent</span> <span class='ocrx_word' id='word_1_156' title='bbox 848 1820 877 1884; x_wconf 94' lang='lat' dir='ltr'><strong>q.</strong></span> <span class='ocrx_word' id='word_1_157' title='bbox 902 1821 945 1861; x_wconf 92' lang='lat' dir='ltr'>m.</span> <span class='ocrx_word' id='word_1_158' title='bbox 967 1820 1054 1883; x_wconf 84' lang='lat' dir='ltr'>resp.</span> <span class='ocrx_word' id='word_1_159' title='bbox 1075 1819 1096 1861; x_wconf 91' lang='lat' dir='ltr'>a</span> <span class='ocrx_word' id='word_1_160' title='bbox 1116 1819 1169 1861; x_wconf 91' lang='lat' dir='ltr'>me</span> <span class='ocrx_word' id='word_1_161' title='bbox 1196 1819 1280 1862; x_wconf 90' lang='lat' dir='ltr'>oom-</span> 
     </span>
     <span class='ocr_line' id='line_1_16' title="bbox 142 1897 1281 1986; baseline 0.004 -26"><span class='ocrx_word' id='word_1_162' title='bbox 142 1897 234 1963; x_wconf 86' lang='lat' dir='ltr'>mode</span> <span class='ocrx_word' id='word_1_163' title='bbox 257 1898 481 1965; x_wconf 85' lang='lat' dir='ltr'>administrari</span> <span class='ocrx_word' id='word_1_164' title='bbox 503 1901 616 1985; x_wconf 91' lang='lat' dir='ltr'>possit.</span> <span class='ocrx_word' id='word_1_165' title='bbox 659 1899 700 1964; x_wconf 88' lang='lat' dir='ltr'>de</span> <span class='ocrx_word' id='word_1_166' title='bbox 724 1923 770 1965; x_wconf 87' lang='lat' dir='ltr'>or.</span> <span class='ocrx_word' id='word_1_167' title='bbox 797 1904 809 1962; x_wconf 96' lang='lat'>1</span> <span class='ocrx_word' id='word_1_168' title='bbox 838 1903 868 1980; x_wconf 64' lang='grc' dir='ltr'>ξ.</span> <span class='ocrx_word' id='word_1_169' title='bbox 891 1899 953 1964; x_wconf 77' lang='grc'>266</span> <span class='ocrx_word' id='word_1_170' title='bbox 975 1920 1080 1986; x_wconf 89' lang='lat' dir='ltr'>neque</span> <span class='ocrx_word' id='word_1_171' title='bbox 1100 1901 1281 1983; x_wconf 73' lang='lat' dir='ltr'>repuyaabo</span> 
     </span>
     <span class='ocr_line' id='line_1_17' title="bbox 142 2000 1281 2086; baseline 0 -22"><span class='ocrx_word' id='word_1_172' title='bbox 142 2020 168 2085; x_wconf 90' lang='lat' dir='ltr'>q.</span> <span class='ocrx_word' id='word_1_173' title='bbox 190 2021 233 2064; x_wconf 94' lang='lat' dir='ltr'>m.</span> <span class='ocrx_word' id='word_1_174' title='bbox 259 2001 369 2065; x_wconf 90' lang='lat' dir='ltr'>omnia</span> <span class='ocrx_word' id='word_1_175' title='bbox 391 2002 509 2086; x_wconf 85' lang='lat' dir='ltr'>legant.</span> <span class='ocrx_word' id='word_1_176' title='bbox 552 2003 585 2065; x_wconf 92' lang='lat' dir='ltr'>in</span> <span class='ocrx_word' id='word_1_177' title='bbox 609 2001 730 2066; x_wconf 83' lang='lat' dir='ltr'>Gaeeil.</span> <span class='ocrx_word' id='word_1_178' title='bbox 756 2001 804 2079; x_wconf 88' lang='lat'>18,</span> <span class='ocrx_word' id='word_1_179' title='bbox 827 2000 868 2065; x_wconf 80' lang='grc'>68</span> <span class='ocrx_word' id='word_1_180' title='bbox 891 2022 952 2085; x_wconf 89' lang='lat' dir='ltr'>ego</span> <span class='ocrx_word' id='word_1_181' title='bbox 974 2011 1081 2065; x_wconf 90' lang='lat' dir='ltr'>teeum</span> <span class='ocrx_word' id='word_1_182' title='bbox 1104 2001 1137 2064; x_wconf 90' lang='lat' dir='ltr'>in</span> <span class='ocrx_word' id='word_1_183' title='bbox 1157 2024 1195 2066; x_wconf 89' lang='lat' dir='ltr'>eo</span> <span class='ocrx_word' id='word_1_184' title='bbox 1217 2023 1281 2065; x_wconf 92' lang='lat' dir='ltr'>non</span> 
     </span>
     <span class='ocr_line' id='line_1_18' title="bbox 142 2101 1281 2188; baseline -0.002 -21"><span class='ocrx_word' id='word_1_185' title='bbox 142 2102 282 2185; x_wconf 71' lang='lat' dir='ltr'>puyaabo</span> <span class='ocrx_word' id='word_1_186' title='bbox 305 2124 335 2188; x_wconf 92' lang='lat' dir='ltr'>q.</span> <span class='ocrx_word' id='word_1_187' title='bbox 359 2125 417 2183; x_wconf 80' lang='lat' dir='ltr'>m,</span> <span class='ocrx_word' id='word_1_188' title='bbox 445 2111 552 2166; x_wconf 89' lang='lat' dir='ltr'>utrum</span> <span class='ocrx_word' id='word_1_189' title='bbox 577 2102 672 2180; x_wconf 89' lang='lat' dir='ltr'>velis,</span> <span class='ocrx_word' id='word_1_190' title='bbox 703 2101 816 2186; x_wconf 84' lang='lat' dir='ltr'>eligas.</span> <span class='ocrx_word' id='word_1_191' title='bbox 857 2103 940 2166; x_wconf 65' lang='lat' dir='ltr'>iam.</span> <span class='ocrx_word' id='word_1_192' title='bbox 964 2103 998 2181; x_wconf 84' lang='lat'>8,</span> <span class='ocrx_word' id='word_1_193' title='bbox 1020 2103 1051 2184; x_wconf 84' lang='lat'>5,</span> <span class='ocrx_word' id='word_1_194' title='bbox 1077 2105 1091 2166; x_wconf 97' lang='lat'>1</span> <span class='ocrx_word' id='word_1_195' title='bbox 1116 2110 1281 2188; x_wconf 87' lang='lat' dir='ltr'>tamquam</span> 
     </span>
     <span class='ocr_line' id='line_1_19' title="bbox 142 2203 1280 2291; baseline 0 -24"><span class='ocrx_word' id='word_1_196' title='bbox 142 2203 218 2268; x_wconf 90' lang='lat' dir='ltr'>nihil</span> <span class='ocrx_word' id='word_1_197' title='bbox 240 2205 428 2287; x_wconf 70' lang='lat' dir='ltr'>denepatam</span> <span class='ocrx_word' id='word_1_198' title='bbox 449 2205 493 2268; x_wconf 91' lang='lat' dir='ltr'>sit</span> <span class='ocrx_word' id='word_1_199' title='bbox 515 2206 544 2269; x_wconf 89' lang='lat' dir='ltr'>ei</span> <span class='ocrx_word' id='word_1_200' title='bbox 561 2226 591 2290; x_wconf 94' lang='lat' dir='ltr'>q.</span> <span class='ocrx_word' id='word_1_201' title='bbox 609 2227 652 2269; x_wconf 90' lang='lat' dir='ltr'>m.</span> <span class='ocrx_word' id='word_1_202' title='bbox 676 2226 773 2291; x_wconf 89' lang='lat' dir='ltr'>quam</span> <span class='ocrx_word' id='word_1_203' title='bbox 795 2204 1021 2291; x_wconf 85' lang='lat' dir='ltr'>paratissimus</span> <span class='ocrx_word' id='word_1_204' title='bbox 1045 2213 1140 2268; x_wconf 88' lang='lat' dir='ltr'>esset.</span> <span class='ocrx_word' id='word_1_205' title='bbox 1178 2204 1219 2276; x_wconf 87' lang='lat' dir='ltr'>de</span> <span class='ocrx_word' id='word_1_206' title='bbox 1234 2226 1280 2269; x_wconf 90' lang='lat' dir='ltr'>or.</span> 
     </span>
     <span class='ocr_line' id='line_1_20' title="bbox 143 2303 1280 2388; baseline 0.004 -24"><span class='ocrx_word' id='word_1_207' title='bbox 143 2304 203 2386; x_wconf 68' lang='lat'>¹3·</span> <span class='ocrx_word' id='word_1_208' title='bbox 220 2305 264 2369; x_wconf 91' lang='grc'>70</span> <span class='ocrx_word' id='word_1_209' title='bbox 285 2303 383 2368; x_wconf 90' lang='lat' dir='ltr'>nullis</span> <span class='ocrx_word' id='word_1_210' title='bbox 407 2316 443 2371; x_wconf 91' lang='lat' dir='ltr'>ut</span> <span class='ocrx_word' id='word_1_211' title='bbox 466 2306 613 2372; x_wconf 87' lang='lat' dir='ltr'>terminis</span> <span class='ocrx_word' id='word_1_212' title='bbox 635 2306 871 2371; x_wconf 74' lang='lat' dir='ltr'>circumscribat</span> <span class='ocrx_word' id='word_1_213' title='bbox 887 2315 943 2369; x_wconf 88' lang='lat' dir='ltr'>aut</span> <span class='ocrx_word' id='word_1_214' title='bbox 965 2307 1098 2388; x_wconf 70' lang='lat' dir='ltr'>definiat</span> <span class='ocrx_word' id='word_1_215' title='bbox 1110 2306 1160 2369; x_wconf 90' lang='lat' dir='ltr'>ius</span> <span class='ocrx_word' id='word_1_216' title='bbox 1176 2326 1280 2388; x_wconf 88' lang='lat' dir='ltr'>suum,</span> 
     </span>
     <span class='ocr_line' id='line_1_21' title="bbox 142 2404 1279 2492; baseline 0.001 -22"><span class='ocrx_word' id='word_1_217' title='bbox 142 2425 164 2491; x_wconf 85' lang='lat' dir='ltr'>q.</span> <span class='ocrx_word' id='word_1_218' title='bbox 187 2428 231 2471; x_wconf 94' lang='lat' dir='ltr'>m.</span> <span class='ocrx_word' id='word_1_219' title='bbox 257 2408 288 2471; x_wconf 89' lang='lat' dir='ltr'>ei</span> <span class='ocrx_word' id='word_1_220' title='bbox 311 2404 409 2472; x_wconf 86' lang='lat' dir='ltr'>liceat</span> <span class='ocrx_word' id='word_1_221' title='bbox 432 2444 470 2454; x_wconf 91' lang='lat'><em>-</em></span> <span class='ocrx_word' id='word_1_222' title='bbox 494 2408 617 2492; x_wconf 87' lang='lat' dir='ltr'>vagari.</span> <span class='ocrx_word' id='word_1_223' title='bbox 663 2409 732 2472; x_wconf 87' lang='lat' dir='ltr'>Att.</span> <span class='ocrx_word' id='word_1_224' title='bbox 756 2409 785 2486; x_wconf 90' lang='grc'><strong>8,</strong></span> <span class='ocrx_word' id='word_1_225' title='bbox 810 2407 840 2490; x_wconf 92' lang='grc'><strong>8,</strong></span> <span class='ocrx_word' id='word_1_226' title='bbox 861 2408 882 2471; x_wconf 99' lang='grc'>2</span> <span class='ocrx_word' id='word_1_227' title='bbox 903 2407 1093 2472; x_wconf 72' lang='lat' dir='ltr'>interchtdor</span> <span class='ocrx_word' id='word_1_228' title='bbox 1115 2406 1225 2479; x_wconf 82' lang='lat' dir='ltr'>dolore</span> <span class='ocrx_word' id='word_1_229' title='bbox 1247 2428 1279 2492; x_wconf 90' lang='lat' dir='ltr'>q.</span> 
     </span>
     <span class='ocr_line' id='line_1_22' title="bbox 142 2507 1280 2595; baseline -0.001 -21"><span class='ocrx_word' id='word_1_230' title='bbox 142 2527 176 2575; x_wconf 85' lang='grc' dir='ltr'>ιι.</span> <span class='ocrx_word' id='word_1_231' title='bbox 198 2509 245 2575; x_wconf 86' lang='lat' dir='ltr'>ad</span> <span class='ocrx_word' id='word_1_232' title='bbox 269 2519 301 2574; x_wconf 89' lang='lat' dir='ltr'>te</span> <span class='ocrx_word' id='word_1_233' title='bbox 324 2507 419 2595; x_wconf 90' lang='lat' dir='ltr'>plura</span> <span class='ocrx_word' id='word_1_234' title='bbox 439 2509 591 2574; x_wconf 83' lang='lat' dir='ltr'>scribam.</span> <span class='ocrx_word' id='word_1_235' title='bbox 629 2509 672 2574; x_wconf 89' lang='lat' dir='ltr'>So</span> <span class='ocrx_word' id='word_1_236' title='bbox 696 2509 779 2574; x_wconf 84' lang='lat' dir='ltr'>auch</span> <span class='ocrx_word' id='word_1_237' title='bbox 803 2508 966 2573; x_wconf 85' lang='lat' dir='ltr'>Cassius</span> <span class='ocrx_word' id='word_1_238' title='bbox 989 2508 1030 2572; x_wconf 91' lang='lat' dir='ltr'>ad</span> <span class='ocrx_word' id='word_1_239' title='bbox 1054 2510 1130 2572; x_wconf 89' lang='lat' dir='ltr'>fam.</span> <span class='ocrx_word' id='word_1_240' title='bbox 1158 2509 1206 2592; x_wconf 92' lang='lat'>12,</span> <span class='ocrx_word' id='word_1_241' title='bbox 1231 2509 1280 2592; x_wconf 89' lang='lat'>13,</span> 
     </span>
     <span class='ocr_line' id='line_1_23' title="bbox 142 2607 1282 2696; baseline 0.002 -24"><span class='ocrx_word' id='word_1_242' title='bbox 142 2607 240 2677; x_wconf 82' lang='lat' dir='ltr'>lnon</span> <span class='ocrx_word' id='word_1_243' title='bbox 270 2611 415 2676; x_wconf 85' lang='lat' dir='ltr'>maxima</span> <span class='ocrx_word' id='word_1_244' title='bbox 441 2632 493 2674; x_wconf 93' lang='lat' dir='ltr'>me</span> <span class='ocrx_word' id='word_1_245' title='bbox 521 2609 617 2675; x_wconf 89' lang='lat' dir='ltr'>turba</span> <span class='ocrx_word' id='word_1_246' title='bbox 631 2620 722 2696; x_wconf 59' lang='lat' dir='ltr'>«puto</span> <span class='ocrx_word' id='word_1_247' title='bbox 750 2611 873 2676; x_wconf 67' lang='lat' dir='ltr'>adeladi</span> <span class='ocrx_word' id='word_1_248' title='bbox 899 2633 929 2696; x_wconf 92' lang='lat' dir='ltr'>q.</span> <span class='ocrx_word' id='word_1_249' title='bbox 952 2632 995 2673; x_wconf 92' lang='lat' dir='ltr'>m.</span> <span class='ocrx_word' id='word_1_250' title='bbox 1024 2610 1085 2675; x_wconf 88' lang='lat' dir='ltr'>tibi</span> <span class='ocrx_word' id='word_1_251' title='bbox 1107 2619 1203 2675; x_wconf 85' lang='lat' dir='ltr'>vacet</span> <span class='ocrx_word' id='word_1_252' title='bbox 1230 2631 1282 2674; x_wconf 90' lang='lat' dir='ltr'>me</span> 
     </span>
     <span class='ocr_line' id='line_1_24' title="bbox 142 2711 1281 2802; baseline -0.004 -22"><span class='ocrx_word' id='word_1_253' title='bbox 142 2715 302 2800; x_wconf 72' lang='lat' dir='ltr'>ncipere.</span> <span class='ocrx_word' id='word_1_254' title='bbox 348 2711 426 2778; x_wconf 80' lang='lat' dir='ltr'>oie.</span> <span class='ocrx_word' id='word_1_255' title='bbox 452 2713 603 2802; x_wconf 76' lang='lat' dir='ltr'>Verr.2,</span> <span class='ocrx_word' id='word_1_256' title='bbox 629 2713 669 2776; x_wconf 87' lang='grc'>76</span> <span class='ocrx_word' id='word_1_257' title='bbox 695 2711 768 2796; x_wconf 88' lang='lat' dir='ltr'>lege</span> <span class='ocrx_word' id='word_1_258' title='bbox 796 2715 995 2795; x_wconf 75' lang='lat' dir='ltr'>arripiuntur</span> <span class='ocrx_word' id='word_1_259' title='bbox 1022 2735 1052 2797; x_wconf 90' lang='lat' dir='ltr'>q.</span> <span class='ocrx_word' id='word_1_260' title='bbox 1082 2734 1122 2775; x_wconf 89' lang='lat' dir='ltr'>m.</span> <span class='ocrx_word' id='word_1_261' title='bbox 1146 2712 1281 2776; x_wconf 82' lang='lat' dir='ltr'>Romam</span> 
     </span>
     <span class='ocr_line' id='line_1_25' title="bbox 142 2810 1283 2902; baseline 0 -26"><span class='ocrx_word' id='word_1_262' title='bbox 142 2810 359 2902; x_wconf 85' lang='lat' dir='ltr'>leportentur.</span> <span class='ocrx_word' id='word_1_263' title='bbox 396 2814 428 2894; x_wconf 94' lang='lat'>2,</span> <span class='ocrx_word' id='word_1_264' title='bbox 451 2813 492 2879; x_wconf 91' lang='lat'>38</span> <span class='ocrx_word' id='word_1_265' title='bbox 515 2816 543 2878; x_wconf 88' lang='lat' dir='ltr'>si</span> <span class='ocrx_word' id='word_1_266' title='bbox 566 2812 727 2877; x_wconf 89' lang='lat' dir='ltr'>tantulum</span> <span class='ocrx_word' id='word_1_267' title='bbox 749 2835 857 2880; x_wconf 86' lang='lat' dir='ltr'>morae</span> <span class='ocrx_word' id='word_1_268' title='bbox 878 2814 997 2878; x_wconf 88' lang='lat' dir='ltr'>fuisset</span> <span class='ocrx_word' id='word_1_269' title='bbox 1018 2836 1047 2899; x_wconf 93' lang='lat' dir='ltr'>q.</span> <span class='ocrx_word' id='word_1_270' title='bbox 1069 2835 1111 2876; x_wconf 92' lang='lat' dir='ltr'>m.</span> <span class='ocrx_word' id='word_1_271' title='bbox 1135 2813 1164 2877; x_wconf 89' lang='lat' dir='ltr'>ei</span> <span class='ocrx_word' id='word_1_272' title='bbox 1186 2834 1283 2899; x_wconf 87' lang='lat' dir='ltr'>peen-</span> 
     </span>
     <span class='ocr_line' id='line_1_26' title="bbox 142 2913 1283 2999; baseline 0.003 -23"><span class='ocrx_word' id='word_1_273' title='bbox 142 2918 186 2983; x_wconf 80' lang='grc' dir='ltr'>ιίιι</span> <span class='ocrx_word' id='word_1_274' title='bbox 208 2915 269 2981; x_wconf 88' lang='lat' dir='ltr'>illa</span> <span class='ocrx_word' id='word_1_275' title='bbox 291 2925 524 2980; x_wconf 85' lang='lat' dir='ltr'>numeraretur.</span> <span class='ocrx_word' id='word_1_276' title='bbox 562 2913 660 2980; x_wconf 81' lang='lat' dir='ltr'>Catil.</span> <span class='ocrx_word' id='word_1_277' title='bbox 679 2917 746 2999; x_wconf 91' lang='lat'>3,6</span> <span class='ocrx_word' id='word_1_278' title='bbox 768 2917 877 2999; x_wconf 70' lang='lat' dir='ltr'>radiato</span> <span class='ocrx_word' id='word_1_279' title='bbox 900 2914 937 2980; x_wconf 82' lang='lat' dir='ltr'>C.</span> <span class='ocrx_word' id='word_1_280' title='bbox 960 2915 1063 2979; x_wconf 87' lang='lat' dir='ltr'>Mario</span> <span class='ocrx_word' id='word_1_281' title='bbox 1085 2938 1149 2980; x_wconf 92' lang='lat' dir='ltr'>non</span> <span class='ocrx_word' id='word_1_282' title='bbox 1173 2915 1283 2980; x_wconf 88' lang='lat' dir='ltr'>fuerat</span> 
     </span>
     <span class='ocr_line' id='line_1_27' title="bbox 142 3014 1281 3102; baseline -0.004 -18"><span class='ocrx_word' id='word_1_283' title='bbox 142 3072 155 3102; x_wconf 27' lang='grc' dir='ltr'>Ι.</span> <span class='ocrx_word' id='word_1_284' title='bbox 174 3041 224 3084; x_wconf 85' lang='grc' dir='ltr'><strong>ιιι.</strong></span> <span class='ocrx_word' id='word_1_285' title='bbox 241 3018 280 3082; x_wconf 84' lang='grc' dir='ltr'>Ο.</span> <span class='ocrx_word' id='word_1_286' title='bbox 296 3015 468 3082; x_wconf 81' lang='lat' dir='ltr'>Glauciam</span> <span class='ocrx_word' id='word_1_287' title='bbox 484 3016 656 3082; x_wconf 81' lang='lat' dir='ltr'>occideret.</span> <span class='ocrx_word' id='word_1_288' title='bbox 694 3018 727 3080; x_wconf 91' lang='lat' dir='ltr'>in</span> <span class='ocrx_word' id='word_1_289' title='bbox 744 3018 809 3081; x_wconf 88' lang='lat' dir='ltr'>Pis.</span> <span class='ocrx_word' id='word_1_290' title='bbox 831 3019 878 3101; x_wconf 84' lang='lat'>15,</span> <span class='ocrx_word' id='word_1_291' title='bbox 893 3017 934 3082; x_wconf 85' lang='lat'>36</span> <span class='ocrx_word' id='word_1_292' title='bbox 950 3018 1072 3081; x_wconf 91' lang='lat' dir='ltr'>nemini</span> <span class='ocrx_word' id='word_1_293' title='bbox 1086 3016 1153 3085; x_wconf 85' lang='lat' dir='ltr'>civi</span> <span class='ocrx_word' id='word_1_294' title='bbox 1170 3014 1281 3100; x_wconf 88' lang='lat' dir='ltr'>ullam,</span> 
     </span>
     <span class='ocr_line' id='line_1_28' title="bbox 142 3118 1280 3206; baseline -0.002 -22"><span class='ocrx_word' id='word_1_295' title='bbox 142 3174 155 3206; x_wconf 23' lang='grc' dir='ltr'>Ι.</span> <span class='ocrx_word' id='word_1_296' title='bbox 182 3142 231 3184; x_wconf 84' lang='grc' dir='ltr'><strong>ιιι.</strong></span> <span class='ocrx_word' id='word_1_297' title='bbox 255 3118 402 3202; x_wconf 80' lang='lat' dir='ltr'>adesset,</span> <span class='ocrx_word' id='word_1_298' title='bbox 432 3120 511 3184; x_wconf 87' lang='lat' dir='ltr'>satis</span> <span class='ocrx_word' id='word_1_299' title='bbox 538 3119 658 3184; x_wconf 88' lang='lat' dir='ltr'>iustam</span> <span class='ocrx_word' id='word_1_300' title='bbox 681 3121 911 3203; x_wconf 71' lang='lat' dir='ltr'>exeusationem</span> <span class='ocrx_word' id='word_1_301' title='bbox 933 3141 1004 3184; x_wconf 89' lang='lat' dir='ltr'>esse</span> <span class='ocrx_word' id='word_1_302' title='bbox 1026 3121 1143 3184; x_wconf 86' lang='lat' dir='ltr'>visam.</span> <span class='ocrx_word' id='word_1_303' title='bbox 1189 3118 1280 3184; x_wconf 87' lang='lat' dir='ltr'>Brut.</span> 
     </span>
     <span class='ocr_line' id='line_1_29' title="bbox 145 3221 1281 3308; baseline -0.002 -22"><span class='ocrx_word' id='word_1_304' title='bbox 145 3276 155 3292; x_wconf 94' lang='lat'>.</span> <span class='ocrx_word' id='word_1_305' title='bbox 181 3221 247 3286; x_wconf 92' lang='grc'>117</span> <span class='ocrx_word' id='word_1_306' title='bbox 271 3223 466 3286; x_wconf 74' lang='lat' dir='ltr'>vacationem</span> <span class='ocrx_word' id='word_1_307' title='bbox 487 3243 626 3306; x_wconf 89' lang='lat' dir='ltr'>augures</span> <span class='ocrx_word' id='word_1_308' title='bbox 651 3244 680 3308; x_wconf 94' lang='lat' dir='ltr'>q.</span> <span class='ocrx_word' id='word_1_309' title='bbox 704 3245 747 3287; x_wconf 91' lang='lat' dir='ltr'>m.</span> <span class='ocrx_word' id='word_1_310' title='bbox 770 3222 899 3286; x_wconf 85' lang='lat' dir='ltr'>indiciis</span> <span class='ocrx_word' id='word_1_311' title='bbox 923 3243 1054 3308; x_wconf 90' lang='lat' dir='ltr'>operam</span> <span class='ocrx_word' id='word_1_312' title='bbox 1077 3221 1194 3285; x_wconf 89' lang='lat' dir='ltr'>darent</span> <span class='ocrx_word' id='word_1_313' title='bbox 1216 3243 1281 3285; x_wconf 89' lang='lat' dir='ltr'>non</span> 
     </span>
     <span class='ocr_line' id='line_1_30' title="bbox 144 3321 1280 3409; baseline -0.003 -19"><span class='ocrx_word' id='word_1_314' title='bbox 144 3325 257 3390; x_wconf 83' lang='lat' dir='ltr'>abere</span> <span class='ocrx_word' id='word_1_315' title='bbox 280 3321 327 3409; x_wconf 94' lang='lat' dir='ltr'>(d.</span> <span class='ocrx_word' id='word_1_316' title='bbox 350 3325 380 3387; x_wconf 88' lang='lat' dir='ltr'>h.</span> <span class='ocrx_word' id='word_1_317' title='bbox 403 3324 451 3386; x_wconf 89' lang='lat' dir='ltr'>sie</span> <span class='ocrx_word' id='word_1_318' title='bbox 473 3324 587 3388; x_wconf 71' lang='lat' dir='ltr'>hatten</span> <span class='ocrx_word' id='word_1_319' title='bbox 609 3325 730 3388; x_wconf 85' lang='lat' dir='ltr'>keinen</span> <span class='ocrx_word' id='word_1_320' title='bbox 753 3322 885 3401; x_wconf 81' lang='lat' dir='ltr'>Grund,</span> <span class='ocrx_word' id='word_1_321' title='bbox 913 3324 983 3387; x_wconf 85' lang='lat' dir='ltr'>sich</span> <span class='ocrx_word' id='word_1_322' title='bbox 1012 3323 1216 3409; x_wconf 89' lang='lat' dir='ltr'>dispensiren</span> <span class='ocrx_word' id='word_1_323' title='bbox 1239 3346 1280 3387; x_wconf 88' lang='lat' dir='ltr'>zu</span> 
     </span>
     <span class='ocr_line' id='line_1_31' title="bbox 142 3423 1280 3512; baseline -0.003 -20"><span class='ocrx_word' id='word_1_324' title='bbox 142 3423 270 3511; x_wconf 71' lang='lat' dir='ltr'>essen).</span> <span class='ocrx_word' id='word_1_325' title='bbox 311 3447 342 3511; x_wconf 91' lang='lat' dir='ltr'>p.</span> <span class='ocrx_word' id='word_1_326' title='bbox 365 3424 462 3489; x_wconf 92' lang='lat' dir='ltr'>domo</span> <span class='ocrx_word' id='word_1_327' title='bbox 483 3425 535 3503; x_wconf 89' lang='lat'>31,</span> <span class='ocrx_word' id='word_1_328' title='bbox 557 3425 599 3490; x_wconf 88' lang='lat'>82</span> <span class='ocrx_word' id='word_1_329' title='bbox 621 3427 649 3489; x_wconf 92' lang='lat' dir='ltr'>si</span> <span class='ocrx_word' id='word_1_330' title='bbox 671 3425 752 3490; x_wconf 87' lang='lat' dir='ltr'>nihil</span> <span class='ocrx_word' id='word_1_331' title='bbox 775 3425 817 3490; x_wconf 89' lang='lat' dir='ltr'>de</span> <span class='ocrx_word' id='word_1_332' title='bbox 841 3448 891 3489; x_wconf 88' lang='lat' dir='ltr'>me</span> <span class='ocrx_word' id='word_1_333' title='bbox 913 3426 1025 3504; x_wconf 82' lang='lat' dir='ltr'>tulisti,</span> <span class='ocrx_word' id='word_1_334' title='bbox 1055 3448 1086 3512; x_wconf 97' lang='lat' dir='ltr'>q.</span> <span class='ocrx_word' id='word_1_335' title='bbox 1109 3449 1151 3489; x_wconf 91' lang='lat' dir='ltr'>m.</span> <span class='ocrx_word' id='word_1_336' title='bbox 1176 3445 1280 3489; x_wconf 84' lang='lat' dir='ltr'>essem</span> 
     </span>
     <span class='ocr_line' id='line_1_32' title="bbox 142 3526 1282 3614; baseline -0.002 -21"><span class='ocrx_word' id='word_1_337' title='bbox 142 3552 160 3593; x_wconf 93' lang='lat' dir='ltr'>n</span> <span class='ocrx_word' id='word_1_338' title='bbox 183 3527 313 3592; x_wconf 82' lang='lat' dir='ltr'>civium</span> <span class='ocrx_word' id='word_1_339' title='bbox 335 3548 479 3592; x_wconf 90' lang='lat' dir='ltr'>numero.</span> <span class='ocrx_word' id='word_1_340' title='bbox 522 3526 600 3592; x_wconf 82' lang='lat' dir='ltr'>fam.</span> <span class='ocrx_word' id='word_1_341' title='bbox 625 3529 659 3608; x_wconf 88' lang='lat'>1,</span> <span class='ocrx_word' id='word_1_342' title='bbox 682 3529 719 3607; x_wconf 89' lang='grc'><strong>4,</strong></span> <span class='ocrx_word' id='word_1_343' title='bbox 742 3528 763 3590; x_wconf 96' lang='grc'>2</span> <span class='ocrx_word' id='word_1_344' title='bbox 785 3550 815 3613; x_wconf 93' lang='lat' dir='ltr'>q.</span> <span class='ocrx_word' id='word_1_345' title='bbox 838 3550 880 3591; x_wconf 94' lang='lat' dir='ltr'>m.</span> <span class='ocrx_word' id='word_1_346' title='bbox 906 3528 1063 3591; x_wconf 86' lang='lat' dir='ltr'>discessio</span> <span class='ocrx_word' id='word_1_347' title='bbox 1086 3527 1194 3608; x_wconf 87' lang='lat' dir='ltr'>lieret,</span> <span class='ocrx_word' id='word_1_348' title='bbox 1224 3549 1282 3614; x_wconf 91' lang='lat' dir='ltr'>per</span> 
     </span>
     <span class='ocr_line' id='line_1_33' title="bbox 142 3628 1279 3716; baseline -0.002 -20"><span class='ocrx_word' id='word_1_349' title='bbox 142 3628 343 3696; x_wconf 86' lang='lat' dir='ltr'>dversarios</span> <span class='ocrx_word' id='word_1_350' title='bbox 372 3638 445 3695; x_wconf 90' lang='lat' dir='ltr'>tuos</span> <span class='ocrx_word' id='word_1_351' title='bbox 474 3649 545 3693; x_wconf 87' lang='lat' dir='ltr'>esse</span> <span class='ocrx_word' id='word_1_352' title='bbox 570 3631 699 3709; x_wconf 80' lang='lat' dir='ltr'>sartam.</span> <span class='ocrx_word' id='word_1_353' title='bbox 745 3631 780 3712; x_wconf 92' lang='lat'>3,</span> <span class='ocrx_word' id='word_1_354' title='bbox 803 3630 833 3711; x_wconf 92' lang='grc'>7,</span> <span class='ocrx_word' id='word_1_355' title='bbox 856 3630 875 3693; x_wconf 93' lang='grc'>6</span> <span class='ocrx_word' id='word_1_356' title='bbox 898 3628 978 3693; x_wconf 92' lang='lat' dir='ltr'>illud</span> <span class='ocrx_word' id='word_1_357' title='bbox 1001 3651 1067 3694; x_wconf 90' lang='lat' dir='ltr'>non</span> <span class='ocrx_word' id='word_1_358' title='bbox 1083 3631 1227 3712; x_wconf 75' lang='lat' dir='ltr'>perficies</span> <span class='ocrx_word' id='word_1_359' title='bbox 1248 3652 1279 3716; x_wconf 92' lang='lat' dir='ltr'>q.</span> 
     </span>
     <span class='ocr_line' id='line_1_34' title="bbox 142 3729 1279 3816; baseline -0.001 -19"><span class='ocrx_word' id='word_1_360' title='bbox 142 3756 171 3798; x_wconf 92' lang='lat' dir='ltr'>n.</span> <span class='ocrx_word' id='word_1_361' title='bbox 203 3740 265 3795; x_wconf 89' lang='lat' dir='ltr'>tna</span> <span class='ocrx_word' id='word_1_362' title='bbox 292 3750 392 3795; x_wconf 88' lang='lat' dir='ltr'>eausa</span> <span class='ocrx_word' id='word_1_363' title='bbox 420 3729 529 3795; x_wconf 89' lang='lat' dir='ltr'>velim.</span> <span class='ocrx_word' id='word_1_364' title='bbox 574 3733 644 3794; x_wconf 87' lang='lat' dir='ltr'>Att.</span> <span class='ocrx_word' id='word_1_365' title='bbox 667 3731 704 3813; x_wconf 92' lang='lat'>2,</span> <span class='ocrx_word' id='word_1_366' title='bbox 725 3731 762 3813; x_wconf 89' lang='grc'><strong>4,</strong></span> <span class='ocrx_word' id='word_1_367' title='bbox 785 3733 806 3796; x_wconf 86' lang='grc'>5</span> <span class='ocrx_word' id='word_1_368' title='bbox 833 3732 915 3796; x_wconf 76' lang='lat' dir='ltr'>nihil</span> <span class='ocrx_word' id='word_1_369' title='bbox 942 3733 1155 3797; x_wconf 73' lang='lat' dir='ltr'>desideramus</span> <span class='ocrx_word' id='word_1_370' title='bbox 1183 3753 1213 3816; x_wconf 90' lang='lat' dir='ltr'>q.</span> <span class='ocrx_word' id='word_1_371' title='bbox 1239 3753 1279 3796; x_wconf 89' lang='lat' dir='ltr'>m.</span> 
     </span>
     <span class='ocr_line' id='line_1_35' title="bbox 142 3830 1279 3922; baseline -0.001 -24"><span class='ocrx_word' id='word_1_372' title='bbox 142 3832 275 3922; x_wconf 68' lang='lat' dir='ltr'>Epirum</span> <span class='ocrx_word' id='word_1_373' title='bbox 298 3830 403 3918; x_wconf 87' lang='lat' dir='ltr'>ipsam</span> <span class='ocrx_word' id='word_1_374' title='bbox 426 3830 596 3917; x_wconf 89' lang='lat' dir='ltr'>possidere</span> <span class='ocrx_word' id='word_1_375' title='bbox 619 3831 799 3898; x_wconf 88' lang='lat' dir='ltr'>videamur.</span> <span class='ocrx_word' id='word_1_376' title='bbox 842 3835 875 3897; x_wconf 88' lang='lat' dir='ltr'>in</span> <span class='ocrx_word' id='word_1_377' title='bbox 898 3833 965 3897; x_wconf 92' lang='lat' dir='ltr'>Pis.</span> <span class='ocrx_word' id='word_1_378' title='bbox 988 3835 1018 3914; x_wconf 78' lang='lat'>5,</span> <span class='ocrx_word' id='word_1_379' title='bbox 1044 3833 1083 3896; x_wconf 92' lang='grc'><strong>10</strong></span> <span class='ocrx_word' id='word_1_380' title='bbox 1105 3853 1200 3918; x_wconf 90' lang='lat' dir='ltr'>quam</span> <span class='ocrx_word' id='word_1_381' title='bbox 1224 3853 1279 3918; x_wconf 92' lang='lat' dir='ltr'>po·</span> 
     </span>
     <span class='ocr_line' id='line_1_36' title="bbox 142 3933 1280 4020; baseline -0.005 -17"><span class='ocrx_word' id='word_1_382' title='bbox 142 3943 289 4003; x_wconf 80' lang='lat' dir='ltr'>estatem</span> <span class='ocrx_word' id='word_1_383' title='bbox 311 3935 460 4015; x_wconf 83' lang='lat' dir='ltr'>minuere,</span> <span class='ocrx_word' id='word_1_384' title='bbox 484 3957 513 4020; x_wconf 90' lang='lat' dir='ltr'>q.</span> <span class='ocrx_word' id='word_1_385' title='bbox 528 3957 570 3998; x_wconf 91' lang='lat' dir='ltr'><strong>m.</strong></span> <span class='ocrx_word' id='word_1_386' title='bbox 593 3933 634 3998; x_wconf 90' lang='lat' dir='ltr'>de</span> <span class='ocrx_word' id='word_1_387' title='bbox 655 3935 798 4000; x_wconf 90' lang='lat' dir='ltr'>moribus</span> <span class='ocrx_word' id='word_1_388' title='bbox 818 3975 858 3981; x_wconf 91' lang='lat'>-</span> <span class='ocrx_word' id='word_1_389' title='bbox 880 3934 1086 4013; x_wconf 84' lang='lat' dir='ltr'>iudicaretur,</span> <span class='ocrx_word' id='word_1_390' title='bbox 1110 3956 1205 3998; x_wconf 90' lang='lat' dir='ltr'>nemo</span> <span class='ocrx_word' id='word_1_391' title='bbox 1228 3955 1280 3997; x_wconf 87' lang='lat' dir='ltr'>co·</span> 
     </span>
    </p>
   </div>
   <div class='ocr_carea' id='block_1_3' title="bbox 142 4033 1280 4531">
    <p class='ocr_par' dir='ltr' id='par_1_3' title="bbox 142 4033 1280 4325">
     <span class='ocr_line' id='line_1_37' title="bbox 142 4033 1279 4124; baseline -0.004 -22"><span class='ocrx_word' id='word_1_392' title='bbox 142 4047 232 4104; x_wconf 80' lang='lat' dir='ltr'>ratus</span> <span class='ocrx_word' id='word_1_393' title='bbox 256 4045 315 4100; x_wconf 87' lang='lat' dir='ltr'>est.</span> <span class='ocrx_word' id='word_1_394' title='bbox 359 4057 390 4122; x_wconf 90' lang='lat' dir='ltr'>p.</span> <span class='ocrx_word' id='word_1_395' title='bbox 415 4033 548 4115; x_wconf 80' lang='lat' dir='ltr'>Quinct.</span> <span class='ocrx_word' id='word_1_396' title='bbox 571 4037 627 4110; x_wconf 77' lang='lat'><strong>31.</strong></span> <span class='ocrx_word' id='word_1_397' title='bbox 651 4036 692 4100; x_wconf 92' lang='grc'>99</span> <span class='ocrx_word' id='word_1_398' title='bbox 715 4059 755 4100; x_wconf 92' lang='lat' dir='ltr'>ne</span> <span class='ocrx_word' id='word_1_399' title='bbox 777 4059 835 4124; x_wconf 88' lang='lat' dir='ltr'>per</span> <span class='ocrx_word' id='word_1_400' title='bbox 857 4045 889 4099; x_wconf 91' lang='lat' dir='ltr'>te</span> <span class='ocrx_word' id='word_1_401' title='bbox 912 4038 998 4116; x_wconf 75' lang='lat' dir='ltr'>serat</span> <span class='ocrx_word' id='word_1_402' title='bbox 1019 4058 1050 4122; x_wconf 93' lang='lat' dir='ltr'>q.</span> <span class='ocrx_word' id='word_1_403' title='bbox 1073 4058 1115 4101; x_wconf 91' lang='lat' dir='ltr'>m.</span> <span class='ocrx_word' id='word_1_404' title='bbox 1137 4072 1178 4082; x_wconf 91' lang='lat'><em>-</em></span> <span class='ocrx_word' id='word_1_405' title='bbox 1206 4056 1279 4121; x_wconf 88' lang='lat' dir='ltr'>pro-</span> 
     </span>
     <span class='ocr_line' id='line_1_38' title="bbox 142 4136 1280 4226; baseline -0.003 -23"><span class='ocrx_word' id='word_1_406' title='bbox 142 4147 303 4226; x_wconf 73' lang='lat' dir='ltr'>loquatur.</span> <span class='ocrx_word' id='word_1_407' title='bbox 340 4137 408 4202; x_wconf 89' lang='lat' dir='ltr'>har.</span> <span class='ocrx_word' id='word_1_408' title='bbox 432 4160 517 4223; x_wconf 91' lang='lat' dir='ltr'>resp.</span> <span class='ocrx_word' id='word_1_409' title='bbox 543 4138 592 4220; x_wconf 88' lang='lat'>13,</span> <span class='ocrx_word' id='word_1_410' title='bbox 608 4138 648 4202; x_wconf 95' lang='grc'>27</span> <span class='ocrx_word' id='word_1_411' title='bbox 671 4139 753 4204; x_wconf 75' lang='lat' dir='ltr'>atta</span> <span class='ocrx_word' id='word_1_412' title='bbox 775 4150 807 4203; x_wconf 90' lang='lat' dir='ltr'>te</span> <span class='ocrx_word' id='word_1_413' title='bbox 831 4175 867 4186; x_wconf 94' lang='lat'>-</span> <span class='ocrx_word' id='word_1_414' title='bbox 892 4137 1014 4202; x_wconf 86' lang='lat' dir='ltr'>eurulis</span> <span class='ocrx_word' id='word_1_415' title='bbox 1038 4136 1188 4202; x_wconf 86' lang='lat' dir='ltr'>aedilitas</span> <span class='ocrx_word' id='word_1_416' title='bbox 1205 4158 1280 4219; x_wconf 77' lang='lat' dir='ltr'>per-</span> 
     </span>
     <span class='ocr_line' id='line_1_39' title="bbox 142 4236 657 4325; baseline -0.002 -18"><span class='ocrx_word' id='word_1_417' title='bbox 142 4242 232 4307; x_wconf 76' lang='lat' dir='ltr'>novit</span> <span class='ocrx_word' id='word_1_418' title='bbox 252 4262 283 4325; x_wconf 96' lang='lat' dir='ltr'>q.</span> <span class='ocrx_word' id='word_1_419' title='bbox 307 4262 346 4302; x_wconf 91' lang='lat' dir='ltr'><strong>m.</strong></span> <span class='ocrx_word' id='word_1_420' title='bbox 368 4239 464 4304; x_wconf 87' lang='lat' dir='ltr'>ludos</span> <span class='ocrx_word' id='word_1_421' title='bbox 486 4236 657 4325; x_wconf 89' lang='lat' dir='ltr'>pollueres.</span> 
     </span>
    </p>

    <p class='ocr_par' dir='ltr' id='par_1_4' title="bbox 142 4340 1280 4531">
     <span class='ocr_line' id='line_1_40' title="bbox 220 4340 1278 4428; baseline -0.002 -21"><span class='ocrx_word' id='word_1_422' title='bbox 220 4342 331 4407; x_wconf 84' lang='lat' dir='ltr'>Caes.</span> <span class='ocrx_word' id='word_1_423' title='bbox 355 4341 387 4406; x_wconf 92' lang='lat' dir='ltr'>b.</span> <span class='ocrx_word' id='word_1_424' title='bbox 403 4363 434 4426; x_wconf 89' lang='lat' dir='ltr'>g.</span> <span class='ocrx_word' id='word_1_425' title='bbox 454 4345 481 4423; x_wconf 93' lang='lat'>1,</span> <span class='ocrx_word' id='word_1_426' title='bbox 497 4342 535 4405; x_wconf 91' lang='lat'>31</span> <span class='ocrx_word' id='word_1_427' title='bbox 561 4340 665 4427; x_wconf 81' lang='lat' dir='ltr'>neq&#39;ue</span> <span class='ocrx_word' id='word_1_428' title='bbox 687 4353 891 4407; x_wconf 84' lang='lat' dir='ltr'>recusaturos</span> <span class='ocrx_word' id='word_1_429' title='bbox 908 4364 937 4428; x_wconf 91' lang='lat' dir='ltr'>q.</span> <span class='ocrx_word' id='word_1_430' title='bbox 961 4364 1001 4405; x_wconf 93' lang='lat' dir='ltr'><strong>m.</strong></span> <span class='ocrx_word' id='word_1_431' title='bbox 1038 4341 1067 4420; x_wconf 89' lang='lat'>4,</span> <span class='ocrx_word' id='word_1_432' title='bbox 1085 4340 1127 4404; x_wconf 90' lang='lat'>22</span> <span class='ocrx_word' id='word_1_433' title='bbox 1140 4343 1278 4422; x_wconf 84' lang='lat' dir='ltr'>¹(naves)</span> 
     </span>
     <span class='ocr_line' id='line_1_41' title="bbox 142 4443 1280 4531; baseline 0.004 -24"><span class='ocrx_word' id='word_1_434' title='bbox 142 4454 236 4511; x_wconf 84' lang='lat' dir='ltr'>rento</span> <span class='ocrx_word' id='word_1_435' title='bbox 266 4444 462 4508; x_wconf 87' lang='lat' dir='ltr'>tenebantur</span> <span class='ocrx_word' id='word_1_436' title='bbox 490 4464 519 4529; x_wconf 93' lang='lat' dir='ltr'>q.</span> <span class='ocrx_word' id='word_1_437' title='bbox 544 4464 584 4505; x_wconf 93' lang='lat' dir='ltr'>m.</span> <span class='ocrx_word' id='word_1_438' title='bbox 611 4444 646 4506; x_wconf 92' lang='lat' dir='ltr'>in</span> <span class='ocrx_word' id='word_1_439' title='bbox 673 4443 813 4508; x_wconf 89' lang='lat' dir='ltr'>eundem</span> <span class='ocrx_word' id='word_1_440' title='bbox 841 4453 971 4531; x_wconf 87' lang='lat' dir='ltr'>portam</span> <span class='ocrx_word' id='word_1_441' title='bbox 998 4446 1110 4510; x_wconf 80' lang='lat' dir='ltr'>venire</span> <span class='ocrx_word' id='word_1_442' title='bbox 1136 4452 1280 4528; x_wconf 82' lang='lat' dir='ltr'>possent.</span> 
     </span>
    </p>
   </div>
   <div class='ocr_carea' id='block_1_4' title="bbox 0 0 1478 4988">
    <p class='ocr_par' dir='ltr' id='par_1_5' title="bbox 0 0 1478 4988">
     <span class='ocr_line' id='line_1_42' title="bbox 0 0 1478 4988; baseline 0 0"><span class='ocrx_word' id='word_1_443' title='bbox 0 0 1478 4988; x_wconf 95' lang='lat' dir='ltr'> </span> 
     </span>
    </p>
   </div>
  </div>
 </body>
</html>
