2948 4988
112 3380 117 3511 l

112 3520 119 3667 l

643 312 871 376 -137-

185 462 349 529 oblivione
383 462 471 549 apud
500 473 647 550 posteros
675 463 727 528 vel
757 463 862 544 gloria
889 463 1056 547 distingui.
1101 486 1175 527 ann.
1205 465 1255 547 13,
1282 464 1323 527 41
1440 480 1444 487 ’

183 562 233 627 vel
255 565 285 629 si
307 567 435 650 integra
463 574 496 629 et
516 563 715 631 incustodita
735 564 1005 651 relinquerentur.
1052 565 1152 646 (Aber
1179 565 1233 630 die
1255 565 1324 629 sich

183 662 251 730 hier
272 665 576 731 auasehliessenden
599 658 803 751 Ge'gensatze
826 668 901 733 sind
924 689 986 730 nur
1007 665 1192 751 gedaehte).
1236 666 1327 731 Weit

181 767 395 832 auffallender
422 769 482 832 ist:
514 769 563 851 14,
587 769 628 833 35
650 768 847 834 vincendum
877 767 933 832 illa
960 771 1029 832 acie
1058 768 1110 832 vel
1132 767 1325 833 cadendum.

184 863 264 931 Hier
292 868 384 933 hatte
412 870 467 933 ein
488 870 662 934 Klaesiker
691 876 747 935 aad
776 880 912 954 gesetat
957 870 996 935 61
1020 870 1140 934 acciret
1127 868 1325 934 tdominam

185 970 238 1032 vel
257 972 442 1036 consuleret
465 972 623 1036 securitat
625 972 770 1054 i(Die
793 971 892 1035 Wahl
915 973 998 1036 wird
1020 971 1240 1056 freigestellt).
1284 973 1325 1036 62

185 1090 301 1156 magna
321 1073 353 1136 ei
368 1075 513 1158 praemia
527 997 703 1158 promittit3
728 1072 789 1152 vel,
812 1075 841 1137 si
864 1073 1062 1157 negavisset,
1086 1094 1199 1137 necem
1220 1075 1325 1137 inten-

188 1179 243 1235 tat
261 1211 302 1222 -
325 1176 378 1239 An
412 1175 555 1240 anderen
584 1173 706 1239 Stellen
739 1176 784 1239 ist
815 1176 862 1239 uel
894 1175 998 1238 einem
1028 1175 1145 1239 Gliede
1178 1177 1238 1238 mit
1270 1181 1327 1239 aul

188 1277 519 1360 untergeordnet:
543 1275 621 1340 dial.
644 1277 685 1343 28
700 1298 760 1340 nee
776 1285 833 1340 aut
847 1276 910 1340 tibi
924 1277 987 1362 ipsi
1009 1286 1068 1339 aut
1086 1275 1159 1341 huie
1176 1276 1325 1340 Secundo

191 1372 239 1436 vel
268 1375 345 1440 huie
366 1379 458 1463 Apro
491 1380 631 1462 ignotas.
676 1379 793 1459 (Nioht
824 1388 908 1441 etwa
939 1375 1119 1461 steigernd,
1143 1378 1204 1440 wie
1227 1376 1325 1441 Hand

187 1476 308 1564 meint).
351 1478 382 1542 h.
405 1479 436 1558 2,
460 1478 500 1542 76
521 1502 562 1543 ne
584 1491 697 1544 eontra
720 1479 781 1543 Gai
805 1478 936 1565 quidem
958 1490 1016 1543 aut
1037 1477 1169 1543 Claudii
1193 1477 1244 1541 vel
1263 1478 1325 1541 Ne-

185 1581 323 1644 ronis—
341 1580 483 1645 domum.
518 1581 565 1662 14,
588 1583 608 1646 3
630 1583 664 1644 1ιι
685 1581 797 1646 hortos
812 1591 868 1646 aut
890 1581 1111 1645 Tusculanum
1134 1579 1188 1644 vel
1210 1580 1324 1644 Antia·
1400 1632 1403 1638 .

180 1686 246 1744 tem
276 1684 308 1746 in
335 1705 460 1767 agrum.
486 1719 526 1730 —
549 1682 647 1747 Sonst
675 1681 829 1747 weehselt
856 1683 988 1746 Tacitus
1017 1682 1100 1746 auch
1129 1681 1214 1748 wohl
1243 1681 1326 1745 eben

175 1800 214 1864 so,
256 1784 314 1848 wie
336 1785 371 1847 in
394 1782 457 1847 den
481 1783 689 1869 copulativen
711 1782 982 1868 Verbindungen,
1008 1784 1059 1849 bei
1082 1783 1237 1849 Gliedern
1261 1804 1326 1847 von

168 1901 270 1962 ganz
290 1884 485 1970 gleicbem
509 1885 644 1950 Werthe
665 1909 727 1949 nur
749 1909 807 1949 aus
823 1886 1022 1970 Abneigung
1043 1907 1149 1970 gegen
1171 1886 1225 1949 die
1239 1884 1326 1950 Con·

165 1985 403 2061 cinnitatmit
424 1993 482 2052 aaa
509 1987 576 2051 und
598 1988 665 2052 vel:
690 1988 722 2051 h.
745 1987 774 2067 2,
800 1990 816 2050 1
840 1988 959 2051 laetum
983 1998 1039 2051 aut
1061 1999 1156 2051 atrox
1180 2024 1215 2034 -
1250 2008 1324 2072 pro-

162 2105 313 2169 sperum
336 2088 390 2152 vel
412 2089 521 2153 exitio.
556 2090 594 2152 10
616 2099 714 2176 prout
728 2100 842 2174 potens
873 2090 926 2154 vel
941 2090 1034 2175 inops
1057 2110 1130 2152 reus
1155 2088 1327 2170 inciderat,

160 2186 346 2254 infirmnm
368 2202 425 2256 aut
447 2189 603 2255 validum.
640 2191 681 2254 68
709 2192 916 2255 severitatem
943 2190 1148 2255 aemulantur
1171 2191 1224 2255 vel
1246 2200 1325 2254 tem·

160 2291 321 2376 pestivis
336 2293 499 2357 conviviis
515 2293 674 2377 gaudent3
696 2292 832 2379 perinde
847 2291 939 2356 miles
955 2293 1099 2357 intentus
1115 2301 1171 2356 aut
1193 2291 1328 2355 licenter

162 2388 270 2472 agit.
294 2416 364 2457 ann.
390 2395 417 2471 l,
444 2395 482 2458 13
503 2396 635 2480 quinam
656 2431 698 2441 -
721 2395 888 2458 suffecturi
914 2396 1095 2459 abnuerent
1116 2402 1173 2457 aut
1187 2393 1326 2479 impares

166 2487 308 2558 vellent
326 2494 379 2560 vel
400 2496 486 2559 idem
509 2505 644 2582 possent
658 2505 886 2582 cuperentque.
913 2495 955 2560 59
978 2495 1091 2560 invitis
1114 2505 1172 2559 aut
1193 2495 1325 2579 cupien-

170 2589 280 2657 tibus
298 2634 336 2644 -
357 2619 416 2683 spe
438 2597 489 2661 vel
506 2597 627 2661 dolore.
641 2634 681 2646 ——
698 2597 789 2662 Aber
810 2599 854 2660 im
877 2596 1211 2683 correspondirenden
1227 2596 1326 2659 Sinne

178 2696 363 2777 lentneder
387 2738 424 2746 -
450 2698 542 2780 oder)
564 2699 665 2764 findet
687 2697 814 2764 soleher
836 2697 990 2762 Weehsel
1011 2697 1103 2762 nicht
1124 2697 1219 2762 Statt.

279 2799 304 2863 2.
337 2801 392 2866 Vel
416 2838 453 2846 -
476 2801 523 2865 vel
544 2800 850 2885 correspondirend:
877 2800 972 2864 Cato
994 2823 1018 2862 r.
1041 2823 1065 2864 r.
1091 2802 1181 2863 'leae
1204 2799 1325 2884 optime

190 2897 368 2966 tonduntur
390 2903 444 2967 vel
460 2901 583 2966 virides
606 2903 639 2965 in
656 2901 760 2966 muria
781 2900 833 2965 vel
855 2903 889 2965 in
912 2901 1048 2965 lentisco
1070 2910 1232 2965 contusae.
1255 2901 1325 2963 Aus

197 2995 298 3063 einen
317 3003 492 3088 Fragment
514 3002 703 3067 desselben:
726 3003 830 3067 frusto
853 3004 947 3088 panis
972 3003 1108 3066 eonduei
1132 3011 1248 3086 potest,
1272 3001 1326 3066 vel

202 3093 246 3158 ull
268 3110 361 3169 taceat
382 3105 435 3169 vel
459 3116 495 3169 ut
516 3104 678 3190 loquatur.
724 3106 794 3167 Aue
817 3104 954 3168 Ennius:
979 3104 1033 3167 vel
1054 3116 1090 3166 tu
1113 3105 1253 3167 dictator
1275 3102 1325 3166 vel

210 3215 341 3277 equomm
367 3208 557 3294 equitumve
584 3207 740 3291 magister
769 3217 837 3269 esto
868 3206 919 3268 rel
942 3204 1065 3270 consul.
1111 3205 1163 3269 Pl.
1186 3205 1272 3269 Rud.
1295 3205 1325 3283 2,

214 3296 291 3373 4214
306 3308 354 3371 rel
375 3319 412 3373 tu
434 3307 513 3371 mihi
536 3309 606 3371 aias
630 3307 682 3372 vel
705 3329 816 3390 neges·
847 3307 914 3371 mil.
934 3307 1014 3370 1019
1030 3318 1079 3369 se
1067 3307 1153 3369 thie
1175 3308 1326 3392 numquis

219 3392 308 3469 adest?
295 3405 400 3474 lPal.
424 3409 485 3472 Vel
514 3408 608 3473 adest
636 3407 689 3473 vel
717 3431 792 3472 non.
838 3409 999 3491 (Lindem.
1029 3408 1169 3472 erklart.
1200 3417 1236 3472 ut
1263 3408 1325 3487 vis,

222 3503 296 3587 optio
303 3511 356 3576 tibi
380 3513 493 3592 datur3
517 3522 549 3574 et
570 3510 685 3575 adesse
707 3519 814 3594 potest
837 3520 869 3573 et
890 3509 1030 3594 abesse).
1067 3510 1173 3573 Reeht
1195 3508 1327 3573 evident

223 3600 286 3686 11161
309 3613 372 3677 sich
406 3613 461 3678 die
483 3612 611 3675 Bedeu
598 3621 679 3695 ung
712 3611 769 3674 der
791 3610 869 3673 Par
871 3611 939 3673 rkel
971 3611 1024 3676 bei
1047 3610 1131 3674 Ter.
1165 3610 1195 3692 2,
1224 3612 1254 3693 3,
1285 3609 1326 3672 28

112 3758 115 3787 ῑ
223 3696 328 3776 henum
348 3714 429 3779 mihi
457 3714 510 3778 vel
537 3714 571 3775 vi
599 3712 653 3776 vel
676 3712 775 3775 elam
785 3711 838 3775 vel
861 3715 1006 3796 precario
1029 3713 1083 3775 fao
1105 3714 1232 3794 tradas;
1255 3734 1328 3774 mea

223 3798 258 3863 nil
272 3812 360 3895 refert,
383 3815 461 3880 dum
483 3816 591 3901 potiar
613 3815 718 3879 modo.

285 3911 349 3981 (lie
371 3917 425 3983 off.
448 3918 478 3995 3,
511 3917 551 3979 10
583 3938 661 4001 pace
695 3915 746 3980 vel
770 3913 902 3994 Quirini
936 3918 987 3980 vel
1018 3915 1148 3981 Romuli
1177 3914 1325 3977 dixerim.

226 3999 421 4084 Widerholt
412 4042 447 4082 ιιι
469 4017 641 4083 derselben
663 4019 814 4081 Periode:
837 4038 906 4102 rep
929 4017 960 4099 2,
983 4021 1013 4095 4,
1036 4016 1236 4081 8multa—
1252 4037 1327 4098 sup-

227 4107 376 4189 Pellantur
404 4123 501 4199 mari,
530 4141 613 4205 quae
636 4119 688 4183 vel
710 4122 883 4204 capiuntur
905 4067 989 4182 vel
982 4126 1208 4204 importantur,
1231 4124 1329 4199 atque

224 4202 368 4286 114111ιιιιιι
390 4224 573 4287 amoenitas
589 4224 661 4305 ipsa
683 4220 735 4284 vel
759 4231 963 4306 sumptuosas
988 4220 1039 4282 vel
1062 4219 1245 4281 desidiosas
1261 4215 1327 4277 ille·

225 4305 317 4382 cebras.
342 4323 371 4405 2,
394 4325 445 4404 21,
469 4324 510 4388 37
534 4325 580 4387 sie
610 4331 680 4385 erat
705 4324 738 4385 in
772 4323 858 4385 omni
887 4319 940 4384 vel
968 4320 1075 4383 oflieio
1103 4315 1156 4380 vel
1179 4335 1326 4380 sermone

112 4434 114 4463 ι
225 4405 318 4484 sollers.
355 4425 423 4491 Dae
446 4425 548 4489 letzte
570 4422 666 4489 Glied
689 4425 748 4488 mit
770 4422 1036 4509 steigerndem
1060 4420 1224 4483 Zusatz:
1248 4417 1325 4480 fam.
