2948 4988
655 332 886 397 -103—

187 480 332 546 timenda
355 482 474 546 uostris
498 492 592 547 esset.
638 483 798 548 Unsielrer
826 484 1058 569 16122,25,7
1083 507 1147 549 non
1176 485 1270 550 ruodo
1295 525 1334 533 --

186 593 217 646 et
239 582 309 666 (fiir
331 582 452 667 etiam).
497 583 595 648 Danu
619 597 687 648 erat
708 585 830 650 wieder
850 587 885 650 in
907 584 981 649 dem
1004 584 1230 671 pathetischen
1254 585 1335 651 Stile

186 683 242 749 666
266 683 451 749 Tacitus:
477 686 517 750 G.
545 687 779 752 lOnonsolum
795 686 882 773 apud
904 687 1047 774 plebem:
1070 689 1156 772 apud
1175 709 1334 773 proceres,

186 785 273 871 apud
297 786 495 852 sacerdotes.
526 787 556 851 h.
579 788 609 871 2,
632 789 674 852 27
697 810 758 852 666
779 787 885 855 solum
908 787 995 875 apud
1019 787 1191 853 Caecinam
1218 826 1254 836 -
1272 788 1334 852 Fa-

187 890 230 954 bii
252 908 377 972 666666
399 888 547 972 Valentis
578 891 692 975 copiae
715 899 772 956 ett.
815 911 890 953 ann.
913 891 943 972 3,
969 888 1008 954 19
1029 912 1093 954 non
1122 889 1218 953 ruodo
1247 891 1334 976 apud

186 990 258 1057 illos
280 991 446 1057 -etiam
475 993 596 1057 secutis
627 991 843 1077 temporibus.
868 992 899 1068 4,
923 992 965 1057 35
988 1014 1122 1077 quorum
1151 1014 1214 1055 non
1237 992 1333 1057 modo

186 1093 338 1176 libertas,
362 1088 470 1158 'etiam
504 1092 606 1159 libido
642 1094 823 1181 impunita.
861 1092 936 1175 (Bei
966 1093 1047 1158 Cie.
1074 1093 1128 1157 off.
1161 1095 1188 1174 1,
1216 1092 1269 1173 22,
1293 1093 1333 1156 16

187 1195 303 1260 nebrue
326 1196 379 1261 ieh
401 1195 461 1260 mit
483 1195 624 1261 Baiter
645 1196 718 1262 eine
740 1194 938 1260 Parenthese
962 1197 1029 1276 an).

267 1330 305 1414 h)
327 1329 399 1394 Das
422 1342 507 1394 erste
528 1330 628 1396 Glied
655 1331 700 1396 ist
721 1331 900 1415 negativ,
930 1329 988 1393 das
1017 1330 1132 1394 zweite
1160 1331 1331 1414 positiv:
1445 1382 1447 1389 .

185 1432 261 1496 cic.
289 1455 321 1518 p.
356 1431 459 1494 Balbo
484 1433 523 1496 10
545 1455 610 1496 non
634 1433 738 1496 -modo
770 1433 857 1497 61616
890 1432 1056 1518 proposito
1090 1433 1247 1516 praemio,
1281 1435 1335 1497 sed

181 1533 484 1599 666-6161616166.
518 1533 602 1597 Phil.
625 1534 656 1614 3,
680 1533 700 1596 6
722 1531 947 1597 iudicetur-
970 1554 1034 1596 non
1057 1555 1098 1595 m.
1122 1533 1332 1614 1166666661,

184 1659 208 1699 s.
233 1637 336 1700 etiam
359 1635 461 1698 bostis
484 1636 660 1700 Antonius.
695 1632 751 1698 fin.
774 1634 805 1716 3,
827 1635 849 1698 2
868 1656 928 1698 666
956 1655 1022 1697 666
1050 1656 1093 1696 m.
1117 1656 1180 1698 non
1202 1636 1333 1699 vineis

178 1737 321 1803 Graecis
345 1736 519 1800 verborum
540 1735 646 1820 eopia,
669 1735 727 1799 sed
744 1758 814 1800 esse
830 1736 862 1800 in
879 1758 918 1800 ea
934 1738 1031 1800 etiam
1054 1739 1248 1822 superiores,
1277 1736 1332 1802 fin.

183 1842 211 1918 l,
235 1839 276 1901 21
301 1838 341 1902 iis
364 1859 431 1901 non
454 1859 496 1901 nr.
518 1860 585 1902 non
609 1834 709 1919 laudi,
732 1858 840 1903 66666
863 1836 1054 1900 etiamvitio
1076 1835 1219 1900 dandum
1242 1849 1332 1924 puto.

172 1941 261 2002 farn:
282 1941 315 2018 6,
337 1940 368 2019 4,
391 1940 413 2003 4
435 1960 499 2003 666
521 1961 564 2002 m.
587 1938 680 2003 dolor
701 1940 817 2018 616166,
848 1937 1054 2004 6616611616
1077 1940 1175 2002 etiam
1198 1938 1329 2005 doloris.

176 2042 232 2124 10,
257 2044 289 2118 6,
312 2041 332 2104 3
356 2041 513 2106 honorum
528 2061 594 2105 non
608 2062 649 2103 m.
673 2039 818 2125 dignitas
839 2041 931 2104 66116
954 2039 1024 2115 erit,
1048 2038 1105 2101 sed
1129 2042 1191 2103 erit
1207 2062 1330 2104 summa

166 2143 384 2207 deformitas.
427 2142 497 2206 Aa.
530 2144 577 2222 11,
600 2143 629 2219 6,
657 2145 671 2205 1
695 2139 787 2207 dolor
815 2162 905 2205 meus
933 2162 999 2204 non
1022 2163 1062 2203 m.
1087 2163 1151 2204 non
1173 2144 1331 2207 minuitur

163 2245 294 2309 -sed
310 2244 408 2308 etiam
424 2254 573 2327 augetur.
604 2253 678 2330 post
691 2242 760 2306 red.
776 2242 820 2307 ad
836 2240 930 2322 Quir.
946 2245 978 2324 4,
1003 2243 1051 2306 16.
1082 2242 1181 2325 6113,
1209 2244 1256 2322 18,
1278 2245 1328 2307 74.

265 2362 393 2427 Varro
410 2360 430 2423 l.
445 2360 467 2424 l.
483 2362 503 2425 8
519 2384 550 2447 p.
570 2362 640 2426 102.
670 2360 772 2426 Bell.
789 2362 873 2426 afr.
888 2360 1005 2424 4711011
1021 2384 1063 2424 m.
1077 2361 1141 2425 sibi
1155 2363 1330 2443 quidquam

158 2486 245 2528 6666
272 2462 557 2549 adquisierant-
584 2484 610 2527 6.
639 2463 745 2526 stiam.
790 2462 877 2526 Liv.
900 2462 931 2541 4,
954 2463 1048 2541 21,6
1078 2472 1114 2525 61
1139 2484 1203 2526 666
1232 2463 1329 2527 modo

159 2564 363 2651 praedandi
391 2586 489 2628 causa
515 2567 684 2646 66166666
712 2584 755 2627 ex
784 2585 861 2649 agro
890 2563 1037 2627 Romano
1065 2583 1130 2627 666
1160 2564 1265 2626 exiret
1288 2601 1328 2611 -

162 2666 240 2730 sed
260 2665 346 2731 ultro
371 2666 545 2730 Fidenates
569 2663 804 2729 descenderent
827 2665 860 2728 in
882 2685 996 2748 agrum
1018 2662 1058 2727 R.
1080 2664 1133 2743 24,
1156 2664 1206 2742 40,
1234 2665 1271 2728 13
1288 2668 1328 2746 (s.

166 2768 242 2832 Er·
264 2768 313 2855 6)

264 2871 291 2952 1)
315 2869 441 2934 Beide
470 2855 636 2933 Glieder
664 2867 758 2931 sind
787 2868 966 2952 negativ3
995 2866 1055 2930 das
1083 2868 1199 2931 aweite
1228 2864 1327 2931 Glied

171 2971 262 3033 wird
288 2973 322 3035 in
350 2971 410 3033 der
433 2967 537 3053 Regel
565 2969 666 3033 duroh
690 2990 729 3033 66
750 3006 791 3017 -
814 2971 951 3051 quidem,
980 2967 1121 3034 seltener
1149 2967 1250 3032 dureh
1274 2972 1328 3033 616

178 3069 811 3158 666666661166666666666166611.
857 3071 903 3134 Es
927 3073 970 3133 ist
998 3072 1077 3134 aber
1104 3069 1264 3134 nweierloi
1287 3094 1327 3134 nu

179 3173 446 3237 untuwheiden:

268 3331 295 3370 α.
327 3307 377 3371 Im
402 3319 537 3372 ersten
562 3306 681 3372 Gliede
714 3308 787 3371 sind
821 3305 1024 3392 gewdhnlielr
1058 3306 1175 3370 beide
1203 3307 1325 3392 Nega-

197 3399 315 3472 tionen
340 3408 633 3493 ausgedriickt:
658 3409 741 3473 eie.
765 3409 861 3472 Rose.
877 3410 952 3473 Am.
977 3408 1019 3471 29
1042 3430 1104 3472 non
1127 3409 1326 3474 6166661111

203 3525 292 3573 eorum
313 3511 444 3592 fecisse,
469 3508 527 3574 sed
550 3533 591 3574 ne
619 3512 764 3597 potuisse
792 3511 921 3596 quidem
951 3510 1068 3575 faeere.
1112 3509 1206 3574 Verr.
1230 3511 1260 3593 3,
1282 3512 1324 3574 48

206 3625 306 3678 noum.
329 3635 467 3700 granum
500 3610 721 3695 6161616,’666
756 3635 796 3675 66
820 3610 933 3699 661666
956 3611 1096 3698 quidem.
1142 3613 1324 3699 6111663

209 3700 330 3780 huenen
353 3735 484 3781 16666
512 3712 654 3791 laudari,
683 3712 740 3776 sed
770 3736 811 3776 ne
834 3716 966 3780 6666661
990 3714 1119 3801 quidem
1143 3724 1261 3801 potest.
1292 3738 1323 3800 p.

211 3804 276 3876 Sulla
302 3818 339 3880 18
367 3838 433 3879 non
463 3838 504 3878 m.
534 3815 595 3879 tibi
623 3837 686 3879 non
715 3817 851 3890 irascor,
886 3815 944 3878 sed
973 3837 1013 3880 ne
1041 3815 1241 3902 reprehendo
1270 3837 1322 3899 qu.

211 3904 302 3979 laetum
329 3927 432 3980 tuum.
478 3916 530 3979 off.
558 3918 589 3997 3,
617 3915 668 4001 27,
701 3917 770 3979 101.
822 3917 884 3980 Mit
912 3916 1182 4002 pleonastisehem
1211 3918 1323 3980 etium:

212 4008 262 4074 Au.
282 4019 326 4101 14,
351 4021 400 4096 14,
422 4017 444 4080 2
469 4039 533 4081 non
562 4041 604 4080 m.
626 4040 690 4081 non
715 4019 893 4101 facturum,
916 4041 942 4082 s.
968 4020 1063 4082 etiarn
1087 4040 1127 4081 ne
1150 4038 1321 4103 passurum

212 4112 320 4190 quidem.
364 4118 460 4183 Verr.
484 4117 529 4202 Il,
555 4123 582 4198 1,
608 4118 646 4182 18
670 4130 705 4182 61
733 4141 796 4183 666
826 4142 867 4182 nr.
895 4120 1058 4205 proficisci
1087 4141 1160 4181 eurn
1189 4128 1322 4203 cuperet

116 4242 119 4275 :
212 4205 351 4283 Dolabella
373 4240 438 4282 non
461 4233 579 4305 posset,
603 4220 659 4283 sed
682 4223 792 4285 61616
815 4222 935 4307 666166
958 4222 1160 4284 consisteret.
1191 4220 1268 4281 fam.
1291 4221 1321 4302 4,

215 4308 336 4386 112666
358 4322 426 4388 vix.
457 4346 489 4406 6.
513 4320 639 4386 616661.
664 4323 706 4385 26
727 4344 791 4385 666
821 4344 861 4384 nr.
891 4322 933 4384 ad
957 4343 1006 4383 me
1035 4322 1153 4383 amieos
1178 4343 1241 4384 non
1264 4321 1321 4382 ad·

116 4428 118 4489 ἒ
213 4407 297 4503 ursit,
322 4423 378 4486 sed
408 4424 478 4511 ipse
505 4445 603 4506 neque
630 4425 857 4490 defensoribus
886 4426 934 4488 uti
967 4443 1063 4507 neque
1097 4422 1320 4486 laudatoribus
