2948 4988
498 337 726 401 -519-

142 513 191 567 unt
220 501 411 568 behandelt:
447 505 525 569 Cic.
554 507 588 568 in
616 505 735 570 Caecil.
763 508 802 571 16
836 509 1006 592 provincia
1037 521 1181 591 accusat,

142 606 164 668 is
186 607 258 689 agit
280 627 424 685 causam,
456 629 550 691 quem
574 618 631 670 ctt.
670 631 700 692 p.
725 608 809 672 Sest.
832 609 873 672 65
896 632 962 674 non
985 632 1024 674 ea
1046 621 1095 674 est
1116 633 1182 674 me-

142 730 161 787 ι,
184 730 261 771 cum
284 730 382 772 sanae
405 711 490 792 parti
511 711 655 792 corporis
679 707 869 796 scalpellum
899 712 1083 776 adhibetur.
1127 712 1182 775 fin.

142 808 223 886 ,55.
258 821 337 873 orat.
364 810 412 890 10,
437 810 489 873 34.
521 833 552 876 n.
569 811 599 873 d.
618 813 645 893 1,
661 811 702 874 36
724 811 795 876 ibes
818 820 973 876 avertunt
993 824 1117 899 pestem
1140 816 1207 898 ab¹

142 920 212 994 pto,
249 932 320 973 cunr
358 910 502 974 volucres
536 934 658 995 angues
686 951 728 959 —
753 913 955 978 interficiunt
984 925 1082 1000 atque
1113 935 1186 978 eon·

142 1021 182 1074 nt.

142 1113 158 1175 l.
194 1112 256 1176 Ein
281 1113 632 1198 Nominalbegriff
653 1116 709 1179 des
734 1115 954 1202 Hauptsatzes
977 1116 1061 1181 wird
1085 1070 1186 1182 durdh

142 1213 316 1279 lebensatz
339 1215 479 1279 definirt
530 1215 583 1279 Pl.
608 1216 706 1280 Poen.
729 1219 760 1299 5,
783 1219 815 1299 4,
837 1220 880 1283 34
901 1219 971 1304 (48)
999 1219 1056 1283 sed
1086 1219 1188 1284 hoca
1247 1288 1251 1301 ¹

142 1337 154 1376 s
177 1328 399 1380 maxumumst
422 1318 576 1402 (vitium),
599 1340 695 1402 quom
718 1320 783 1383 sibi
807 1321 903 1384 nimis
919 1319 1057 1406 placent.
1096 1319 1187 1383 Trin.

142 1416 253 1481 tullum
278 1417 471 1482 beneficium
495 1441 566 1482 esse
590 1420 671 1483 duco
693 1421 747 1502 id,
779 1442 875 1505 quom
899 1423 974 1506 quoi
998 1421 1100 1484 facias
1122 1443 1188 1486 nou

142 1529 162 1582 t.
200 1519 374 1584 11001587
398 1522 513 1585 beatus
537 1542 614 1585 vero
637 1543 670 1584 es
686 1543 780 1604 nune,
805 1544 903 1607 quom
919 1521 1050 1589 clamas.
1088 1521 1187 1586 Poen.

150 1621 191 1684 92
213 1620 349 1706 lepidu’s
373 1644 426 1702 es,
456 1645 552 1707 quorn
579 1645 700 1686 mones.
745 1622 831 1686 Ter.
854 1623 919 1690 Ad.
942 1623 1022 1710 prol.
1048 1623 1087 1687 18
1115 1645 1187 1687 eam

143 1744 174 1784 m
196 1722 249 1786 hic
273 1722 364 1786 ducit
386 1746 583 1803 maxumam,
607 1747 705 1808 quom
730 1722 794 1788 illis
818 1723 933 1809 placet.
950 1762 994 1772 -
1017 1726 1075 1789 Bei
1094 1723 1186 1789 Plau·

143 1823 171 1902 0,
196 1823 249 1887 bei
273 1823 399 1888 Terenz
422 1826 444 1888 4
466 1825 598 1893 Stellen.

142 1926 200 1988 lus
230 1924 371 1991 Cicero
398 1926 542 2010 gehdren
574 1925 770 1990 namentlich
801 1928 854 1991 die
883 1927 1188 1992 wissenschaft-

142 2048 181 2088 en
209 2026 497 2091 Definitionen
524 2027 670 2109 hierher‚
704 2027 757 2092 die
786 2029 854 2092 sich
883 2030 916 2091 in
944 2029 1058 2093 seinen
1086 2029 1189 2093 rheto-

142 2149 177 2190 en
199 2127 267 2191 und
291 2128 577 2216 philosophisehen
600 2129 765 2194 Schriften
787 2129 912 2211 finden,
943 2153 972 2192 z.
994 2131 1032 2194 B.
1058 2130 1099 2193 de
1121 2131 1188 2194 inv.

142 2279 151 2311 ,
177 2230 216 2293 15
238 2232 407 2294 concessio
431 2243 495 2311 est,
519 2253 593 2294 curn
616 2252 689 2293 reus
712 2253 776 2295 non
799 2230 850 2309 id,
873 2230 958 2315 quod
981 2231 1104 2295 factum
1129 2241 1189 2312 est,

146 2331 203 2394 dit.
241 2328 318 2393 Und
341 2331 426 2396 noch
442 2333 460 2395 ‘l
476 2331 544 2395 Mal
561 2333 593 2395 in
610 2331 796 2396 demselben
813 2332 1056 2418 Paragraphen.
1094 2333 1189 2397 Eben

142 2434 159 2496 ei
181 2431 332 2496 Cornif.
354 2432 397 2495 ad
420 2432 499 2496 Her.
522 2434 558 2517 4,
583 2434 637 2511 12,
664 2435 701 2497 ll
725 2434 935 2498 soloecismus
959 2444 1024 2515 est,
1053 2456 1126 2498 eum
1151 2471 1189 2481 —

142 2535 269 2597 uismus
293 2544 353 2614 est,
379 2556 452 2597 curn
472 2573 525 2597 —.
551 2536 600 2616 13,
627 2534 675 2601 19.
707 2537 757 2615 15,
780 2535 831 2598 21.
862 2535 912 2616 19,
934 2534 976 2598 20
997 2535 1065 2599 und
1088 2535 1136 2599 oft
1157 2536 1192 2598 in

142 2634 236 2700 elben
271 2636 392 2699 Buche.
450 2635 559 2700 Caes.
590 2638 620 2699 b.
650 2659 681 2720 g.
709 2639 744 2719 5,
773 2636 811 2698 21
852 2635 1008 2721 oppidum
1042 2637 1191 2700 Britanni

142 2751 174 2819 rt,
198 2760 273 2802 cum
295 2736 396 2803 silvas
420 2739 593 2823 impeditas
616 2735 704 2802 vallo
727 2747 825 2822 atque
848 2737 936 2800 fossa
958 2739 1154 2802 munierunt.

142 2865 162 2904 r.
195 2841 261 2904 Ein
290 2839 545 2923 Zeitbegriff
570 2841 627 2902 des
657 2840 878 2922 Hauptsatzes
912 2838 994 2902 wird
1023 2838 1192 2923 explicirt:

142 2955 179 3008 11.
202 2943 303 3007 Merc.
324 2942 388 3006 534
410 2942 475 3004 iam
498 2941 707 3017 bienniumst,
731 2963 828 3025 quom
851 2939 950 3003 habet
971 2962 1038 3004 rem
1061 2939 1193 3004 tecum?

142 3046 217 3128 lr‘).
261 3041 335 3107 Aul.
359 3041 439 3130 prol.
461 3044 483 3105 4
505 3042 588 3106 hanc
617 3042 748 3107 domum
770 3044 836 3106 iarn
867 3040 985 3105 multos
1012 3063 1114 3106 annos
1143 3051 1194 3105 est

142 3146 328 3231 possideo.
375 3143 496 3230 Amph.
519 3144 581 3208 302
603 3145 667 3207 iarn
698 3144 787 3207 diust
815 3165 910 3229 quom
941 3143 1047 3206 ventri
1070 3143 1194 3207 victum

142 3247 235 3311 datis.
281 3246 365 3310 Rud.
388 3245 451 3309 604
480 3269 566 3309 nunc
595 3247 628 3309 id
652 3257 716 3322 est,
741 3266 838 3330 quom
861 3246 1003 3309 omniurn
1026 3247 1194 3330 copiarum

142 3371 148 3412 r
172 3370 270 3435 opum
292 3385 334 3394 —
357 3347 502 3412 viduitas
531 3369 590 3412 nos
619 3359 718 3412 tenet.
762 3346 900 3409 Plautus
922 3344 980 3409 hat
1007 3326 1043 3428 0,
1066 3344 1193 3409 Terenz

142 3448 217 3514 ellen
239 3450 358 3530 (Andr.
384 3450 444 3513 152
467 3470 566 3535 prope
590 3446 697 3527 adest,
722 3469 818 3534 quum
842 3448 946 3512 alieno
969 3468 1059 3511 more
1082 3447 1194 3511 viven-

142 3564 161 3617 11
182 3552 272 3616 mihi.
311 3549 396 3614 Eun.
412 3551 472 3614 551
497 3572 581 3614 nunc
605 3558 654 3613 est
676 3550 836 3636 profecto,
859 3571 955 3633 quum
975 3586 1013 3594 -
1034 3554 1192 3634 possum).

142 3652 296 3737 lIttufiger
319 3654 391 3716 sind
415 3651 524 3716 sclche
541 3652 674 3733 Stellen,
700 3673 747 3715 wo
770 3672 840 3715 cam
861 3651 994 3732 („seit“)
1018 3650 1089 3713 eine
1104 3649 1194 3713 Zeit-

142 3757 262 3840 :hnung
286 3753 452 3840 explicirt‚
479 3756 541 3817 seit
564 3754 723 3817 Cicero:
748 3775 779 3836 p.
804 3750 931 3815 Cluent.
950 3751 992 3836 30
1021 3750 1097 3827 anni
1119 3760 1196 3816 sunt

160 3878 233 3921 cum
256 3859 321 3920 ista
344 3879 444 3920 causa
464 3857 499 3919 in
520 3856 584 3919 ista
605 3853 817 3919 meditatione
841 3864 991 3917 versatur
1013 3861 1069 3915 ctt.
1110 3850 1194 3918 Phil.

142 3959 171 4022 10
191 3959 371 4043 vigesimus
394 3979 497 4020 annus
522 3968 587 4036 est,
617 3979 690 4019 eum
713 3976 824 4018 omnes
848 3952 998 4019 scelerati
1022 3974 1073 4015 me
1095 3973 1195 4015 unum

142 4071 178 4125 ut.
231 4071 312 4126 orat.
342 4062 381 4125 51
416 4059 503 4144 apud
538 4057 681 4121 Graecos
716 4057 846 4142 quidem
880 4056 945 4118 iarn
985 4053 1062 4118 anni
1095 4073 1196 4138 prope

142 4163 286 4247 ringenti
308 4172 394 4245 sunt,
418 4183 491 4224 cum
514 4160 576 4222 hoc
598 4159 763 4242 probatur.
801 4159 867 4221 div.
884 4157 915 4240 2,
930 4155 971 4220 36
987 4176 1084 4241 quam
1101 4153 1195 4217 multi

154 4274 243 4348 sunt,
273 4285 346 4327 cum
376 4262 524 4325 bella-
548 4260 825 4324 administrantur.
870 4249 1131 4344 (Mit'Perfect
1154 4256 1198 4318 im

142 4365 316 4449 poralsatn:
340 4364 393 4429 off.
409 4364 440 4445 2,
456 4362 508 4444 21,
526 4363 576 4425 75.
612 4362 687 4425 fam.
713 4363 762 4442 15,
790 4361 837 4442 16,
861 4360 891 4422 3.
925 4359 996 4422 Α11.
1013 4356 1043 4440 9,
1062 4359 1099 4421 11
1118 4358 1149 4421 A
1165 4356 1197 4420 2.

150 4463 357 4530 Futurum:
387 4464 435 4530 Ib.
463 4465 515 4543 12,
548 4464 602 4546 18,
633 4465 649 4526 1
678 4461 811 4546 longum
837 4460 919 4524 illud
950 4470 1095 4545 tempus,
1125 4479 1199 4522 cum
