2948 4988
708 304 920 368 ,66-

242 492 283 502 -
304 476 365 518 nec
387 449 452 519 non
474 457 534 520 ius.
580 454 687 543 Spart.
711 459 822 521 Seven.
845 457 874 524 9.
910 458 950 520 In
972 456 1161 522 demselben
1183 458 1391 542 steigernden

247 555 347 621 Sinna
358 579 413 622 nec
423 579 488 622 aon
499 563 542 623 11.·
565 557 670 622 Varro
691 581 716 623 1.
733 581 758 621 r.
777 560 806 640 1,
829 559 859 622 6.
883 557 976 643 Virg.
994 557 1034 623 (1.
1051 559 1081 642 2,
1095 559 1147 624 53.
1178 558 1393 640 Α11.1,’152.

242 659 272 742 8,
296 661 369 724 461.
393 660 423 741 9,
447 659 518 724 310.
541 658 621 724 Dies
634 659 772 724 ietztere
787 658 875 725 dann
895 660 978 725 auch
994 660 1080 724 11111
1094 659 1148 724 bei
1170 661 1244 724 dem
1267 658 1393 726 alteren

241 759 420 844 Plinius,
445 760 598 825 Sueten
620 760 686 824 und
716 760 805 848 Spp,
827 761 1004 825 besonders
1026 759 1304 826 Kirchenvatern.
1328 761 1396 826 Ein

241 860 409 925 dhnlichcr
437 861 648 926 Pleonasmus
677 863 721 926 ist
750 872 859 927 auerst
886 863 939 927 bei
961 861 1063 927 Plin.
1091 862 1123 926 h.
1145 885 1178 927 n.
1205 861 1254 943 19,
1278 863 1298 927 8
1322 863 1394 948 (41)

242 963 303 1026 144
329 985 389 1027 nec
417 986 480 1029 non
509 963 580 1027 olus
609 985 728 1046 quoque
756 963 907 1029 silvestre
930 963 1092 1050 triumpho
1115 1002 1156 1010 -
1178 962 1393 1029 celebratum.

241 1063 410 1144 Quintil.
433 1067 464 1146 3,
489 1067 518 1145 7,
545 1066 583 1129 18
604 1088 665 1130 nec
686 1087 752 1130 non
775 1066 928 1132 instituta
949 1087 1087 1152 quoque.
1143 1064 1235 1130 Noch
1258 1064 1394 1130 schlim·

240 1189 311 1231 mer
332 1167 384 1232 bei
409 1168 494 1253 Apu
503 1166 523 1231 l.
547 1177 623 1231 met.
650 1170 700 1248 11,
723 1167 765 1230 20
786 1189 846 1231 nec
861 1188 926 1230 non
949 1177 982 1231 et
1004 1189 1121 1253 equum
1145 1187 1274 1254 quoque
1295 1166 1395 1231 illum

240 1291 350 1332 meum
374 1268 578 1333 reducentes.
610 1268 704 1333 Gana
720 1269 902 1333 vereinzeit
916 1268 976 1331 mit
992 1267 1174 1352 folgendem
1188 1289 1247 1350 qae
1261 1306 1301 1317 -
1319 1289 1396 1350 que:

239 1369 334 1454 Virg.
356 1371 397 1434 A.
424 1370 473 1449 12,
496 1370 538 1434 23
561 1392 621 1434 nec
643 1392 706 1435 non
730 1391 910 1455 aurumque
931 1371 1123 1455 animusque
1144 1369 1264 1436 Latino
1286 1381 1352 1436 est.

324 1474 354 1536 5.
379 1471 454 1537 Wie
470 1471 540 1536 sich
555 1470 637 1535 nach
653 1476 684 1552 ξ.
700 1473 773 1553 311,
795 1472 826 1555 4,
849 1494 871 1536 1
886 1471 1043 1536 zuweilen
1059 1476 1088 1536 ct
1107 1492 1173 1536 non
1195 1481 1278 1537 statt
1289 1492 1395 1554 ncesse

240 1572 360 1654 findet,
395 1595 431 1635 so
465 1572 554 1635 lesen
586 1574 646 1636 wir
679 1573 876 1656 umgekehrt
904 1574 956 1637 hie
981 1572 1048 1637 und
1079 1573 1122 1637 da
1143 1594 1257 1655 aeque,
1287 1593 1341 1639 wo
1363 1579 1394 1639 d

239 1696 304 1738 non
327 1682 480 1739 erwartet
502 1674 594 1738 wird.
629 1672 672 1738 So
696 1675 816 1739 bereits
839 1676 891 1740 bei
914 1676 1067 1739 Terens
1091 1674 1221 1740 Phorm.
1247 1677 1275 1757 1,
1298 1673 1334 1756 2,
1350 1675 1395 1739 64

239 1797 345 1862 neque
367 1798 439 1839 eum
463 1796 599 1860 aequom
622 1774 669 1838 ait
691 1775 800 1840 facere
821 1777 856 1862 (i.
887 1797 914 1841 e.
938 1786 971 1840 et
993 1778 1040 1841 ait
1062 1797 1136 1840 eum
1158 1798 1225 1841 non
1247 1797 1394 1862 aequum

239 1876 372 1961 faeere).
418 1876 535 1940 Cicero
563 1875 620 1940 hat
648 1876 717 1940 dies
746 1875 834 1942 wohl
861 1876 953 1942 nicht
980 1880 1013 1942 in
1043 1877 1107 1942 den
1129 1876 1254 1955 Reden,
1275 1879 1312 1943 in
1334 1899 1394 1942 an·

239 1977 340 2042 deren
363 1978 528 2043 Schriften
557 1978 633 2042 sehr
660 1975 778 2042 selten:
808 2000 876 2064 rep.
899 1980 931 2061 3,
957 1980 996 2042 14
1018 1988 1075 2043 aut
1102 1979 1211 2042 facere
1233 1979 1392 2045 iniuriam

238 2101 298 2143 nec
316 2080 464 2165 accipere
480 2089 537 2144 aut
552 2088 584 2142 et
598 2079 707 2142 facere
722 2090 755 2142 11
769 2081 927 2166 accipere.
957 2080 1010 2144 off.
1033 2081 1064 2162 3,
1090 2080 1129 2143 10
1150 2080 1184 2143 id
1200 2078 1287 2165 quod
1311 2078 1394 2145 utile

238 2180 414 2245 videbatur
436 2202 541 2267 neque
564 2190 640 2244 erat.
677 2181 769 2246 acad.
792 2191 875 2267 post.
898 2182 919 2244 5
941 2180 1029 2268 quod
1051 2180 1239 2246 incohatum
1261 2191 1314 2246 est
1335 2203 1392 2246 ne·

239 2305 301 2368 que
329 2282 525 2347 absolutum.
570 2283 696 2346 Timo
723 2284 916 2370 imperfecto
945 2295 1052 2347 autam
1081 2304 1141 2347 nec
1170 2282 1324 2348 absoluto
1346 2285 1391 2348 si·

238 2383 315 2447 mile
337 2384 507 2470 pulchrum
531 2406 602 2448 esse
624 2383 707 2448 nihil
730 2394 846 2470 potest.
889 2385 1003 2450 Oeiter
1026 2407 1086 2449 vor
1108 2385 1202 2468 alius,
1225 2384 1390 2449 11111111.

240 2486 289 2567 13,
317 2488 363 2564 11,
386 2487 406 2550 3
429 2487 457 2550 is
481 2489 567 2550 enim
589 2486 801 2569 magistratus
832 2487 866 2550 in
888 2496 998 2551 nostro
1020 2486 1198 2572 municipio
1219 2506 1282 2549 nec
1303 2484 1390 2551 alius

236 2585 322 2652 ullus
347 2588 564 2671 crearisolet.

322 2690 425 2754 Ovid
449 2689 517 2753 her.
544 2689 591 2767 12,
614 2690 655 2753 33
678 2701 710 2752 11
733 2689 802 2753 vidi
826 2699 859 2752 et
875 2690 955 2775 perii
980 2710 1039 2753 nec
1062 2690 1148 2754 notis
1172 2689 1307 2774 ignibus
1321 2690 1389 2754 arsi

239 2792 295 2874 (=
318 2802 350 2854 et
372 2792 517 2875 ignotis).
562 2788 710 2854 Colum.
740 2790 770 2871 2,
796 2791 845 2873 10,
867 2791 909 2854 34
936 2792 1006 2855 loco
1029 2812 1137 2855 macro
1160 2811 1220 2855 nec
1242 2789 1388 2857 humido.

236 2893 268 2972 5,
292 2893 322 2973 7,
348 2896 360 2954 1
387 2893 536 2956 arborem
560 2890 712 2954 humilem
735 2913 794 2956 nec
817 2892 1014 2960 frondosam.

322 2993 391 3058 Vor
416 2994 576 3077 gewissen
600 2991 849 3059 Adverbien:
879 2994 948 3058 011.
977 3017 1010 3057 n.
1034 2992 1065 3057 d.
1088 2995 1118 3074 3,
1141 2993 1182 3058 28
1204 3014 1281 3073 nec,
1306 2994 1335 3058 si
1357 2994 1387 3058 is

237 3095 292 3180 qui
316 3096 459 3181 accepit,
493 3093 575 3157 bone
608 3094 726 3171 utitur,
760 3095 875 3158 idct'rco
897 3097 925 3158 is
948 3096 1004 3181 qui
1028 3095 1134 3176 dedit,
1167 3096 1272 3160 amice
1293 3093 1389 3160 dedit

242 3201 353 3278 (stattz
378 3207 411 3260 et
442 3233 481 3244 -
510 3217 574 3259 non
602 3194 724 3259 ideirco
747 3194 909 3278 „deshalb
931 3195 1014 3260 noch
1042 3196 1180 3282 nicht‘).
1224 3194 1388 3262 Dasselbe

235 3298 289 3361 off.
312 3298 342 3375 2,
366 3298 419 3379 22,
442 3298 483 3361 79
504 3297 571 3360 und
596 3300 665 3362 Att.
688 3298 717 3375 8,
744 3300 780 3360 11
806 3297 837 3360 D
860 3302 891 3378 §-
913 3299 944 3366 5.
970 3296 1146 3367 Aehnlich:
1169 3317 1268 3378 aeqew
1289 3300 1386 3381 mim,

235 3403 264 3463 si
286 3437 327 3447 —
350 3401 464 3464 idcireo
493 3398 534 3462 de
562 3420 609 3462 or.
646 3398 750 3479 1,26,
777 3400 846 3462 118.
890 3399 921 3482 2,
950 3400 980 3481 9,
1003 3400 1056 3467 38.
1101 3398 1288 3463 0111111111
1318 3398 1387 3463 Mal

237 3504 414 3583 11111-
442 3502 478 3565 od
507 3522 577 3566 eam
605 3519 735 3566 ceresam
766 3503 793 3580 l,
817 3500 870 3582 50,
893 3500 966 3563 210.
1011 3501 1075 3565 Mit
1103 3499 1290 3586 folgendem
1305 3500 1386 3565 'idco

235 3602 327 3666 nicht
350 3603 402 3667 bei
417 3603 543 3686 Cicero,
567 3601 708 3667 sondern
725 3601 828 3664 Varro
851 3625 875 3664 r.
900 3625 926 3664 r.
952 3605 979 3682 1,
1006 3603 1055 3684 18,
1078 3603 1108 3666 3.
1141 3599 1282 3682 Quintil.
1308 3603 1387 3685 1,1,

235 3705 285 3768 21.
316 3706 393 3769 Tac.
417 3727 492 3769 ann.
518 3705 566 3783 13,
589 3705 641 3767 21.

320 3805 406 3871 Statt
436 3811 464 3870 et
490 3806 549 3869 mit
576 3803 746 3889 folgenden
774 3805 935 3888 Negation
964 3803 1051 3868 steht
1080 3803 1163 3869 auch
1190 3824 1247 3868 aec
1267 3804 1387 3869 idcirco

235 3910 343 3972 minas
365 3908 420 3992 (=
445 3917 476 3971 et
499 3905 728 3992 nihilominus)
750 3904 803 3969 bei
820 3904 889 3969 cic.
914 3905 953 3968 de
976 3927 1023 3970 or.
1044 3905 1076 3989 2,
1098 3905 1149 3984 35,
1176 3906 1251 3987 151;
1271 3926 1331 3971 aas
1351 3926 1386 3971 eo

235 4012 343 4074 minas
365 4019 431 4073 erst
448 4010 536 4072 Suet.
561 4007 645 4074 0111.Ι
660 4010 689 4072 4.
720 4007 857 4092 Vespas.
873 4006 924 4070 24.
958 4005 1117 4071 Dasselbe
1132 4007 1190 4071 mit
1212 4005 1271 4071 der
1285 4004 1386 4073 Form

235 4132 350 4192 nequa·
373 4111 446 4175 Liv.
469 4112 522 4192 41,
546 4111 577 4192 8,
601 4114 630 4174 8.
675 4108 756 4195 Nep.
780 4109 832 4192 25,
854 4108 886 4190 2,
910 4109 941 4171 2.
984 4108 1080 4173 Bloss
1102 4129 1157 4173 nec
1177 4109 1307 4192 (aeque)
1327 4110 1386 4173 mi·

236 4233 297 4277 111
318 4222 399 4277 statt
420 4216 512 4277 itan:
535 4211 612 4279 Sall.
636 4212 656 4275 J
663 4262 669 4275 .
693 4211 745 4292 98,
767 4210 806 4292 4,
829 4209 878 4273 111
906 4209 957 4273 bei
979 4208 1097 4294 virgil,
1120 4211 1237 4274 descen
1260 4208 1388 4275 Stellen

236 4314 395 4400 Forbiger
418 4338 458 4377 zu
480 4316 564 4379 Aen.
588 4315 620 4395 6,
642 4313 705 4376 212
727 4311 826 4396 giebt.
856 4311 1026 4375 Zerstreut
1048 4311 1101 4375 bei
1122 4311 1264 4375 anderen
1281 4310 1384 4377 Dich-

236 4424 306 4477 tern
330 4416 395 4478 und
420 4416 590 4503 Spateren.
626 4415 696 4477 Das
713 4411 920 4496 Gegentheil,
943 4411 1102 4477 ebenfells
1125 4410 1386 4499 nachkiassisch,
