2948 4988
521 325 803 388 2369-

139 493 201 570 ,ich
224 493 345 578 glaubc
368 495 419 559 ein
447 494 554 560 Mittel
583 518 624 559 zu
653 495 775 576 baben,
806 495 915 560 uomit
944 494 1040 578 ich“).
1092 494 1173 560 Hee.
1200 496 1260 560 146

138 617 212 682 sque
235 605 313 660 ante
336 633 373 642 —
399 618 548 682 sperasse
571 617 627 660 eas
650 595 788 660 tolerare
803 616 896 679 posse
917 597 1060 681 nuptias.
1106 596 1184 660 Und
1200 597 1260 661 mit

138 697 236 762 iesem
266 696 568 783 Inf.-notbwendig
597 697 736 779 tiberall‚
771 697 845 762 weil
875 698 957 761 daza
988 697 1064 762 kcin
1096 699 1160 762 Ins.
1184 698 1259 762 Fut.

141 798 307 863 orbanden
329 801 383 864 ist.
428 799 509 865 Cic.
533 824 563 886 p.
588 800 700 864 Plano.
727 802 774 882 11,
798 799 839 864 27
862 800 1011 868 omnibus
1036 821 1108 864 esse
1130 820 1165 865 se
1187 822 1259 888 pro-

138 911 225 964 ·atum
261 899 360 967 debet
392 923 535 988 sperare.
581 900 665 966 Phil.
702 904 738 965 11
767 904 798 983 ξ.
827 902 870 966 39
896 901 929 966 id
959 941 999 950 —
1028 902 1258 988 aequissimum

138 1001 269 1067 udicare.
308 1026 337 1087 p.
360 1003 460 1067 Mare.
485 1005 503 1068 7
527 1025 623 1091 quam
648 1004 709 1067 etsi
732 1024 827 1089 spero
851 1024 922 1068 esse
944 1003 1071 1067 falsam.
1101 1026 1131 1089 p.
1154 1001 1259 1068 Balbo

138 1103 159 1166 6
181 1113 212 1167 11
232 1112 329 1189 grata
351 1125 423 1169 esse
446 1106 541 1170 vobis
564 1114 596 1169 et
618 1104 765 1191 probata.
803 1105 843 1169 de
865 1127 910 1169 or.
934 1106 1020 1186 3,13
1044 1107 1122 1170 haec
1145 1102 1260 1189 putida

139 1203 231 1269 ideri.
268 1216 351 1270 orat.
368 1208 386 1271 7
403 1228 438 1271 se
461 1228 566 1293 posse.
603 1227 670 1293 rep.
689 1208 718 1289 l,
738 1208 776 1271 17
800 1228 966 1293 speremus
989 1217 1099 1271 tamen
1114 1217 1259 1271 nostrum

139 1327 232 1370 omen
254 1306 393 1372 volitare
416 1317 449 1372 et
472 1307 585 1392 vagari
608 1306 775 1372 latissime.
820 1308 897 1371 fam.
925 1311 951 1390 1,
975 1309 1006 1391 6,
1029 1309 1050 1372 2
1071 1319 1109 1373 ut
1130 1329 1257 1394 sperem

138 1430 144 1469 1
176 1408 248 1473 mihi
270 1411 453 1493 ignoscere,
477 1411 505 1473 si
529 1431 566 1473 ea
588 1431 653 1473 non
677 1410 848 1473 timuerim.
886 1410 961 1491 2,2
990 1432 1084 1495 spero
1113 1419 1257 1474 nostram

138 1510 290 1575 micitiam
315 1533 377 1575 non
400 1532 496 1595 egere
516 1510 655 1576 testibus
680 1509 906 1592 („hoffcntlieh
922 1510 1042 1576 bedarl'
1054 1513 1100 1576 sie
1117 1509 1257 1593 nichr‘).

182 1609 491 1698 1641101111110
514 1621 546 1675 te
568 1612 699 1700 assequi
721 1612 755 1675 id
762 1661 772 1694 ,
795 1612 882 1699 quod
904 1624 1062 1699 optasses.
1110 1612 1158 1696 14,
1182 1614 1212 1695 7,
1235 1613 1255 1675 2

138 1719 140 1756 ⁵
182 1710 262 1793 1111).
306 1713 336 1792 6,
358 1714 390 1796 3,
413 1715 445 1778 4.
485 1713 609 1796 16,22,
635 1717 662 1776 1.
703 1712 734 1795 9,
762 1717 787 1794 1,
813 1715 827 1776 1
858 1714 892 1778 11
920 1736 1011 1799 spem
1035 1715 1141 1780 venio.
1186 1717 1287 1778 Art.

184 1813 221 1891 14,
243 1814 263 1877 2
285 1835 396 1878 omnes
418 1816 551 1879 servire.
589 1816 620 1891 5,
645 1815 696 1898 21,
721 1817 737 1878 1
761 1838 825 1879 non
849 1838 943 1901 spero
966 1827 997 1881 te
1020 1816 1095 1881 istic
1117 1816 1258 1881 iucunde

138 1930 257 1979 emere
279 1926 313 1980 et
335 1914 475 1980 libenter
496 1918 711 2004 requiescere.
750 1917 854 1999 7,11,
881 1919 912 1980 1.·
944 1917 993 1999 10,
1018 1918 1067 1998 12,
1091 1919 1121 1982 6.
1159 1918 1259 2000 15,1,

193 2014 359 2081 Plancus
382 2018 459 2082 fam.
486 2018 535 2100 16,
551 2019 603 2101 24,
627 2020 658 2083 3.
696 2016 845 2082 Metell.
870 2018 914 2084 ib.
934 2020 1013 2103 5,1,
1030 2019 1059 2083 2.
1106 2019 1260 2097 601111.

187 2117 226 2198 19,
253 2119 305 2184 28.
353 2121 464 2185 Caes.
495 2123 523 2184 Ι),
546 2142 578 2204 g.
610 2121 682 2201 1,3
710 2142 781 2184 sese
812 2120 908 2205 potiri
934 2141 1058 2203 posse.
1104 2120 1199 2185 Eben
1222 2143 1266 2185 so.

168 2216 220 2283 26.
240 2221 292 2285 36.
331 2221 380 2285 Id.
403 2242 454 2307 ap.
479 2220 546 2287 Cic.
569 2221 612 2286 ad
635 2223 704 2286 Att.
728 2222 757 2301 9,
777 2222 815 2286 13
831 2225 861 2285 Α
886 2243 958 2286 cum
980 2225 1116 2306 insperso
1138 2242 1258 2286 venero

188 2341 230 2384 me
251 2322 419 2387 conficere.
459 2307 602 2406 b.e.'1,
632 2324 652 2388 8
679 2323 744 2388 illis
771 2344 888 2388 nocere
916 2346 960 2388 se.
1007 2326 1035 2407 1,
1064 2323 1105 2388 72
1133 2346 1168 2387 se
1191 2345 1259 2387 rem

138 2422 271 2487 nlicere
299 2446 405 2509 posse.
453 2424 561 2508 2,16
595 2447 678 2512 quae
711 2424 800 2490 refici
834 2447 899 2490 non
936 2446 1031 2510 posse
1064 2434 1258 2511 sperassent.

170 2523 209 2588 21
229 2525 371 2614 reliquos
395 2529 523 2591 sentire.
562 2527 593 2606 3,
616 2527 636 2592 8
658 2549 694 2590 01
716 2547 885 2591 occurrere
907 2548 1014 2613 posse.
1052 2526 1154 2592 Ibit:
1185 2524 1256 2590 reli·

138 2633 201 2688 tos
221 2629 344 2692 terreri.
391 2626 467 2694 Und
491 2651 527 2693 00
549 2630 593 2693 101
622 2649 655 2692 10
684 2627 737 2693 bei
765 2627 924 2694 Dichtern
954 2628 1021 2692 und
1049 2631 1082 2693 in
1112 2635 1260 2714 spaterer

138 2734 226 2793 ’osa

202 2829 334 2913 Sperarc
360 2831 396 2894 in
425 2832 483 2895 der
510 2830 705 2916 Bedeutung
732 2830 969 2917 „glauben“
1005 2833 1064 2897 mit
1091 2831 1165 2895 dem
1194 2829 1258 2894 qu.

138 2931 297 2997 erfasti
321 2933 447 2997 kommt
463 2931 621 2997 ebenfalls
643 2935 675 2997 iu
700 2933 783 2998 111011
800 2935 917 2998 Ζ11111
941 2958 1014 3018 ror,
1039 2937 1116 2999 aber
1140 2931 1257 2997 selten:

138 3014 240 3099 laur.
268 3033 363 3120 Capt.
391 3035 453 3098 753
480 3036 610 3122 speravi
633 3036 739 3099 miser
767 3058 808 3099 ex
836 3038 995 3102 servitute
1023 3057 1074 3099 me
1097 3034 1259 3099 exemisse

138 3122 226 3199 ium.
270 3136 357 3200 Ter.
382 3136 467 3200 Eun.
490 3137 627 3201 203111
650 3138 719 3200 eius
744 3158 838 3223 spero
862 3139 997 3203 fratrem
1021 3135 1256 3223 propemodum

138 3244 184 3297 ¹1]
203 3240 391 3325 repperisse.
430 3239 494 3303 Ad.
513 3239 573 3303 152
596 3239 766 3323 sperabam
783 3240 846 3304 iam
871 3238 1052 3305 defervisse
1068 3236 1257 3303 adulescen-

138 3344 207 3400 im.
248 3341 330 3408 Cic.
353 3340 450 3404 Tuae.
473 3341 504 3422 2,
527 3341 567 3404 27
592 3362 642 3404 me
665 3363 823 3426 -spero
847 3341 1019 3405 liberatum
1042 3351 1141 3405 metu.
1179 3341 1257 3403 fam.

179 3441 220 3522 12,
242 3441 262 3504 2
285 3441 451 3506 cecidisse.
489 3442 530 3505 ad
555 3439 620 3520 Qu.
645 3441 684 3504 fr.
708 3442 738 3526 2,
754 3444 785 3522 4,
808 3443 828 3505 2
850 3464 945 3529 spero
968 3465 1041 3507 cum
1064 3441 1258 3526 Crassipede

138 3547 181 3599 ’a
200 3541 384 3607 confecisse.
430 3543 500 3608 Att.
527 3544 636 3624 1,1,4
658 3565 753 3630 spero
776 3544 837 3608 tibi
860 3565 911 3607 me
933 3566 1065 3609 eausam
1088 3542 1255 3630 probasse.

165 3637 249 3722 21,2
270 3645 381 3708 orbem
404 3645 483 3729 reip.
508 3667 580 3708 esse
600 3665 805 3710 conversum.
845 3647 892 3729 10,
909 3647 974 3728 7,3
997 3645 1120 3709 nullum
1145 3645 1257 3710 fuisse.

139 3754 223 3806 aes.
247 3747 276 3810 b.
292 3767 323 3829 g.
340 3747 369 3827 7,
386 3746 429 3810 64
449 3769 585 3832 quorum
608 3756 731 3811 mentes
753 3746 896 3810 nondum
919 3750 961 3812 ab
984 3748 1148 3832 superiore
1171 3747 1256 3811 bello

138 3842 274 3911 esedisse
303 3847 471 3934 sperabat:
493 3885 528 3895 —
555 3846 650 3912 Fehlt
679 3849 730 3912 bei
760 3847 890 3913 Sallust.
919 3888 955 3895 --
991 3847 1127 3913 Catull
1155 3847 1207 3928 84,
1236 3843 1271 3910 3“

138 3949 147 3991 ’-
186 3950 240 4010 tum
268 3947 403 4013 mirifice
431 3951 586 4035 sperabat
613 3972 648 4013 so
677 3971 747 4014 esse
777 3948 928 4015 locutum.
977 3952 1059 4014 Liv.
1082 3951 1134 4033 45,
1156 3950 1207 4021 41,
1237 3950 1256 4012 9

138 4040 299 4114 etinctum
322 4039 395 4115 esse
422 4051 587 4115 fortunam
612 4051 775 4136 publicam
798 4062 959 4116 meatem
982 4052 1104 4135 insigni
1127 4048 1255 4113 calami·

138 4146 201 4250 111·
237 4152 320 4217 Seu.
348 4155 419 4217 ben.
445 4154 474 4235 1,
500 4153 592 4235 14,2
625 4174 681 4236 per
710 4175 807 4239 quam
836 4164 944 4240 speret
972 4176 1006 4216 se
1036 4152 1170 4239 propius
1199 4151 1254 4213 ad·

138 4252 256 4358 Qum.
298 4253 391 4319 Naeh
413 4274 482 4336 spes
505 4255 557 4318 bei
580 4253 667 4319 Tac.
690 4277 764 4321 ann.
791 4256 845 4337 16,
868 4256 911 4318 24
934 4275 991 4339 spe
1013 4291 1053 4300 —-
1077 4252 1254 4317 Thraseam

138 4352 291 4431 tempsisse.

207 4450 305 4523 Ueber
326 4477 455 4542 sperare
475 4464 511 4525 111
532 4482 556 4523 0.
580 4464 610 4540 ξ.
633 4457 705 4525 398.
