2948 4988
579 115 809 179 —818-

117 293 171 369 (=
193 288 263 370 ad).
301 287 396 350 Eben
417 308 454 350 so
478 286 569 352 Brut
586 292 617 370 ξ.
632 288 691 353 311
717 282 876 349 tumultus
897 304 959 368 pro
982 283 1210 368 recuperanda
1229 304 1263 347 re

117 389 260 478 publica.
304 387 344 451 In
372 388 526 452 anderem
552 388 653 454 Sinne
679 387 766 453 Liv.
789 385 848 464 23,
870 384 929 467 28,
955 384 992 448 11
1022 405 1082 470 pro
1111 385 1263 471 (anstatt)

117 514 179 579 ope
200 489 337 556 ferenda
356 489 454 555 sociis
477 491 586 577 porgit
608 490 655 555 ire
670 491 742 576 ipse
755 487 798 552 ad
813 487 929 552 urbem
944 523 983 533 -
999 487 1263 574 oppuguandam.

204 593 343 674 Propter
370 601 439 656 erst
464 593 528 656 seit
549 590 634 658 Val.
658 591 760 656 Max.
783 589 821 671 3,
844 588 882 671 2,
904 588 925 653 9
952 598 1088 674 proptor
1115 589 1263 677 auspicia

119 694 299 782 repetenda
321 694 354 756 in
376 691 492 757 urbem
514 693 750 781 proficiscente.

202 797 394 877 Supererat
416 794 506 859 Tae.
529 795 705 874 ann.15‚5
727 795 902 858 missurum
924 790 1052 877 legatos
1074 815 1102 858 s.
1125 791 1263 879 petenda

118 897 276 962 Armenia
298 908 331 960 et
352 895 512 960 firmanda
532 918 622 981 paee.
666 894 813 960 Arnob.
839 896 875 976 1,
897 893 942 958 60
962 898 1095 977 propter
1121 916 1204 982 quas
1229 895 1262 959 in

120 996 276 1063 mundum
300 1008 435 1062 venerat
456 997 635 1062 faciendas.

205 1103 236 1182 ξ.
258 1100 332 1163 601.
368 1098 432 1162 Die
448 1097 675 1185 Praeposition
689 1101 734 1165 od
747 1100 809 1163 mit
831 1098 905 1163 dem
920 1096 1138 1180 Gerundium,
1161 1096 1260 1163 selten

118 1203 179 1266 mit
201 1202 275 1266 dem
299 1199 487 1283 Gerundiv,
510 1200 613 1266 findet
634 1199 706 1265 sich
727 1203 789 1266 seit
811 1202 870 1265 der
891 1197 1098 1264 klassisehen
1112 1198 1189 1264 Zeit
1210 1222 1262 1264 zu·

118 1303 234 1368 weilen
258 1303 315 1385 da,
338 1323 388 1365 wo
410 1323 485 1365 man
507 1304 589 1368 nach
613 1303 688 1367 dem
709 1301 950 1367 hernschendon
971 1299 1262 1388 Spraehgebranoh

109 1398 206 1469 'eine
232 1405 387 1469 andere
415 1404 589 1470 Rection
618 1414 820 1469 erwartet.

204 1510 232 1569 1.
266 1504 359 1570 Naeh
387 1506 698 1586 Substantiven,
728 1506 782 1571 die
808 1515 900 1570 sonat
928 1506 988 1569 mit
1016 1504 1092 1569 dam
1120 1503 1263 1572 Genetiv

117 1607 307 1673 verbunden
342 1606 490 1671 werden:
528 1607 607 1674 Cic.
640 1608 781 1673 Vernis
812 1611 842 1688 ἓ.
866 1605 908 1671 89
939 1606 1050 1691 aliqua
1082 1616 1193 1670 tamen
1222 1608 1263 1672 ad

117 1708 337 1773 resistendum
358 1711 443 1773 ratio
465 1708 592 1774 luisset.
629 1712 699 1776 Att.
721 1712 753 1793 6,
772 1710 803 1791 2,
821 1709 843 1773 4
861 1708 1046 1789 sumltotem
1065 1705 1109 1771 ad
1133 1730 1170 1772 se
1191 1730 1264 1773 aere

117 1809 223 1874 alieno
246 1808 432 1874 liberandas
455 1820 512 1874 aut
539 1810 696 1876 levandas
724 1810 811 1875 dedi.
856 1810 890 1889 1,
916 1810 950 1891 1,
971 1811 994 1872 4
1019 1830 1086 1875 non
1108 1819 1162 1874 est
1183 1811 1264 1875 besu

117 1912 158 1974 ad
181 1912 474 1997 tergiversandum.
518 1912 572 1977 fin.
595 1916 630 1994 4,
655 1915 671 1976 1
699 1915 838 1995 nentium
865 1932 1029 1974 sumamus
1052 1909 1095 1974 ad
1118 1912 1263 1998 cogitan-

118 2013 206 2077 dum.
251 2015 321 2078 Att.
353 2013 391 2095 7,
414 2014 494 2096 3,4
524 2035 593 2097 opes
620 2014 663 2078 ad
690 2011 937 2078 resistendum·
967 2011 1003 2095 9,
1028 2014 1108 2095 7,‘1
1138 2025 1175 2078 ut
1205 2013 1263 2079 tibi

118 2119 339 2197 oryomeatum
371 2113 411 2177 ad
444 2115 653 2180 scribendum
687 2116 784 2180 desit.
828 2113 1004 2179 Plancus
1031 2113 1076 2177 ad
1104 2115 1185 2183 fam.
1217 2116 1263 2197 10,

117 2218 169 2299 23,
187 2218 207 2280 3
224 2228 260 2282 ut
276 2216 416 2302 spatium
431 2215 474 2279 ad
490 2217 708 2301 colligendum
730 2237 766 2279 se
788 2215 935 2280 homines
957 2215 1126 2281 haberant.
1154 2216 1261 2281 Caes.

122 2319 153 2382 b.
169 2341 202 2403 g.
222 2320 248 2397 1,
264 2318 305 2382 38
328 2328 362 2382 ut
378 2339 529 2403 magnam
543 2317 585 2381 ad
608 2317 794 2383 ducendum
818 2317 937 2382 bellum
953 2316 1046 2381 daret
1060 2317 1260 2383 facultatem.

117 2420 148 2496 3,
170 2421 208 2482 19
230 2430 267 2483 ut
288 2440 385 2505 quam
402 2421 569 2484 minimum
586 2420 686 2505 spatii
699 2420 742 2483 ad
757 2442 793 2484 se
810 2417 1009 2503 colligendos
1021 2419 1262 2506 armandosque

119 2521 273 2584 Romanis
307 2519 448 2585 daretur.
494 2521 525 2584 b.
555 2544 583 2586 c.
612 2521 647 2604 2,
676 2520 696 2584 6
729 2533 765 2586 ut
797 2519 920 2585 nullum
951 2519 1042 2583 aliud
1076 2526 1196 2604 ternpus
1220 2521 1260 2584 sd

118 2621 300 2685 conandum
333 2622 475 2687 habituri
504 2623 701 2687 viderentur.
744 2626 784 2687 41
809 2645 850 2686 ne
878 2621 1040 2686 militibus
1067 2622 1200 2708 quidem
1220 2660 1259 2670 -

116 2726 255 2788 studium
292 2723 333 2786 ad
372 2723 583 2808 pugnandum
620 2723 742 2788 deerat.
793 2724 892 2789 Bell.
922 2724 1034 2810 Hisp.
1068 2725 1108 2786 12
1144 2725 1185 2788 iis
1219 2721 1259 2788 ad

117 2825 350 2908 ignoscendum
374 2824 464 2890 nulla
487 2837 536 2889 est
558 2827 636 2890 data
662 2825 801 2890 facultas
830 2826 943 2907 („dass
967 2825 1066 2889 ihnen
1089 2825 1259 2890 verziehen

118 2926 276 3006 wiirdet‘).
325 2929 366 2989 41
405 2928 445 2991 ad
484 2929 637 3013 oppidum
675 2926 931 3012 recuperandum
968 2930 1163 2992 occasionem
1198 2950 1257 2992 non

115 3029 386 3111 ,traetermittunt

200 3129 273 3193 Liv.
302 3131 360 3206 35,
390 3130 432 3193 45
442 3132 494 3209 ,5
526 3141 562 3193 ut
595 3130 732 3193 Romani
770 3141 896 3212 tempus
930 3128 972 3192 ad
1006 3131 1249 3215 comparandum

117 3231 268 3294 habeant.
313 3230 408 3294 Eben
432 3254 468 3294 so
496 3231 553 3309 42,
576 3232 634 3311 52,
658 3230 677 3293 8
705 3240 741 3294 ut
763 3241 787 3293 t.
814 3229 856 3292 ad
879 3252 984 3316 comp.
1008 3231 1176 3296 haberent.
1210 3232 1243 3295 21

115 3333 174 3413 40,
197 3334 218 3395 5
241 3344 273 3395 et
302 3333 408 3417 ipsum
438 3330 646 3395 intervallum
676 3329 738 3395 loci
763 3369 800 3377 -
825 3333 967 3416 spatium
995 3331 1130 3397 dedisse
1151 3333 1191 3396 ad
1212 3354 1233 3396 n

118 3433 320 3519 spirandum.
366 3434 425 3512 31,
452 3435 504 3514 10,
527 3436 548 3495 4
570 3435 712 3519 spatium
735 3432 857 3497 colonis
884 3432 976 3496 dedit
997 3432 1040 3496 ad
1064 3433 1220 3498 claudend

116 3548 236 3619 portas.
280 3535 316 3611 9,
340 3535 379 3614 4,
405 3537 420 3596 1
449 3557 523 3598 eum
545 3534 667 3598 frustra
695 3533 788 3598 multi
811 3540 939 3599 costatus
961 3533 1002 3598 ad
1027 3535 1214 3624 erumpendi

115 3638 203 3720 eapti
227 3648 345 3700 essent.
394 3635 468 3699 Wie
491 3636 544 3699 bei
568 3636 698 3714 Cicero,
728 3636 811 3700 nach
833 3657 918 3717 spes:
939 3637 992 3718 21,
1015 3638 1068 3719 25,
1098 3639 1136 3701 10
1157 3637 1211 3703 Ga'

114 3736 156 3799 ad
185 3736 376 3822 temptanda
406 3759 443 3799 ea
472 3736 587 3802 defuit.
632 3739 689 3817 43,
715 3738 769 3817 18,
796 3739 834 3800 10
856 3759 929 3800 eum
952 3738 1021 3822 spei
1046 3739 1128 3802 nihil
1149 3738 1190 3802 ad

115 3838 294 3902 sistendum
328 3849 421 3902 esset.
464 3861 513 3923 ep.
546 3839 640 3919 19,8
675 3861 766 3922 spem
800 3837 840 3901 ad
875 3839 1094 3903 resistendum
1128 3841 1192 3904 dab

115 3941 173 4020 37,
202 3940 261 4018 26,
293 3940 309 4001 ”l
340 3960 410 4002 eam
437 3940 639 4003 occasionem
670 3938 892 4025 Polyxenidae
919 3941 961 4002 ad
989 3962 1057 4003 rem
1086 3965 1184 4025 geren

116 4040 183 4103 l'ore
213 4040 292 4123 (vgl.
324 4042 408 4104 oben
431 4040 469 4102 Β.
494 4039 588 4127 Hisp.
612 4042 676 4126 41).
721 4042 819 4105 Oitirt
848 4042 929 4104 wird
957 4042 1057 4106 noch:
1094 4042 1175 4108 ardo

119 4142 354 4223 dimicandum,
378 4142 505 4205 animus
522 4143 563 4206 ad
586 4143 807 4228 pugnandum,
830 4144 909 4207 aber
933 4143 1017 4206 olme
1032 4145 1166 4208 Ziffern.

115 4241 186 4305 dem
204 4243 378 4307 Genetiv
395 4244 583 4326 coordinirt‚
607 4244 753 4308 offeubar
775 4243 834 4308 der
850 4244 1116 4331 Abweehselung
1133 4271 1159 4311 w
