2948 4988
514 384 548 394 ..
596 346 658 410 729
702 384 741 394 ..-

153 514 329 580 Gabrauch
358 538 422 581 von
449 517 479 580 si
508 517 565 596 qui
592 523 672 580 statt
700 516 773 596 qai:
801 512 881 577 (lic.
910 537 941 601 p.
966 513 1065 578 Areh.
1088 515 1195 578 311011

142 639 154 679 1
182 620 237 702 qui
265 654 308 664 —
337 638 450 682 verum
481 618 579 681 etiam
608 617 636 680 si
666 617 732 702 qui.
766 616 803 697 6,
837 615 876 680 12
904 625 1044 696 ceteros,
1073 617 1101 678 si
1129 617 1195 702 qui.

168 719 223 803 13,
256 719 293 783 18
323 721 363 782 iis
393 719 506 799 etiam,
536 719 564 781 si
592 718 657 804 qui.
694 718 735 782 de
758 741 804 783 or.
826 717 862 802 2,
892 719 934 781 44
955 717 998 782 ad
1021 739 1075 782 eos
1100 755 1137 764 -·
1162 717 1191 781 si

149 818 206 884 fin.
232 823 267 904 1,
292 821 348 901 17,
369 821 411 886 55
433 819 551 886 cadere
574 841 689 903 eausa,
713 819 742 884 ai
764 819 830 905 qui.
893 823 900 834 ”

185 1067 219 1134 4.
271 1064 593 1157 Badiayurrpssdtre
620 1063 705 1135 olma
729 1062 1060 1156 Badinpaapsferm.

142 1232 167 1309 ξ.
188 1228 262 1292 562.
307 1227 378 1292 Das
406 1226 820 1312 Bedingungsvarhiltniss
850 1226 934 1292 wird
961 1227 1053 1291 nicht
1080 1227 1197 1290 immor

142 1352 154 1392 1
180 1328 402 1395 conditionale
424 1327 594 1393 Partilreln
617 1327 854 1413 ausgedriicht,
883 1330 1024 1394 sondern
1046 1349 1080 1391 es
1104 1327 1196 1391 hom-

153 1452 267 1495 ausser
294 1430 359 1494 den
385 1432 419 1495 in
441 1431 555 1511 §.373
585 1427 801 1495 behandelten
825 1429 1101 1495 Coordinationan
1130 1429 1195 1492 und

142 1532 341 1619 Partieipien
363 1532 445 1597 auch
475 1532 573 1597 Sittze
596 1533 629 1595 in
652 1529 802 1594 finaler
824 1531 852 1594 F
854 1554 921 1596 orm
945 1553 1018 1610 vor,
1048 1530 1104 1594 dia
1125 1532 1197 1595 eine

142 1634 309 1700 iinsehta
331 1634 566 1718 Bedingung
589 1631 771 1716 anthalten,
794 1633 854 1697 mit
874 1638 917 1715 ut,
939 1654 989 1716 rte,
1011 1634 1096 1716 dum,
1119 1633 1195 1697 dam

143 1785 153 1818 ,
175 1737 274 1814 modo,
298 1740 422 1801 unum
442 1741 478 1803 ad
499 1734 552 1799 od.
573 1756 624 1800 ne.
996 1738 1004 1753 “

142 1860 166 1901 a.
190 1836 302 1902 Dureh
324 1843 360 1903 ut
381 1835 460 1902 oder
481 1858 521 1902 rte
542 1835 626 1902 wird
648 1837 700 1901 ain
724 1835 811 1915 Satz,
834 1835 894 1900 der
909 1837 980 1901 eina
995 1834 1196 1921 Bedingung
1294 1843 1297 1846 ’

142 1938 187 2022 111,
209 1940 244 2003 in
259 1937 318 2003 dar
333 1939 432 2004 Form
448 1939 536 2003 eines
552 1939 830 2023 restringirsnden
849 1939 969 2004 finalen
985 1936 1197 2023 Fulgesatzes

142 2039 251 2106 eleitet.
286 2039 502 2106 Gewdhrdich
524 2039 611 2127 ⁸l⁰hl
625 2042 673 2106 ita
687 2041 732 2104 im
748 2039 963 2126 Hauptsatze.
997 2038 1198 2105 Beohaehtet

145 2143 193 2206 ies
217 2152 285 2207 erst
307 2144 369 2207 seit
391 2141 550 2208 Cicero:
573 2141 635 2209 off,
653 2145 684 2221 1',
708 2142 765 2224 25,
789 2142 830 2206 88
859 2153 892 2206 et
919 2153 1026 2206 tamen
1055 2143 1102 2206 ita
1123 2147 1198 2226 prd-

142 2267 161 2308 a
191 2255 242 2308 est
268 2243 485 2310 mansuetudo
516 2253 615 2330 atque
646 2244 832 2322 clementia,
863 2253 900 2308 ut
926 2240 1123 2308 adhibeatur
1150 2244 1197 2307 rei
1257 2280 1268 2303 .

144 2367 202 2410 cae
225 2367 325 2410 causa
339 2348 505 2411 severitas.
544 2345 766 2410 Ushersetzen
782 2345 869 2408 kann
887 2367 977 2408 man:
1000 2365 1084 2427 „nur
1098 2344 1196 2426 dann,

142 2451 189 2530 i“;
211 2449 246 2512 in
269 2447 328 2513 der
348 2448 437 2513 That
460 2448 540 2532 liegt
561 2447 640 2512 aber
662 2447 715 2511 ein
738 2446 905 2512 Finalsatz
928 2468 999 2512 vor.
1044 2444 1138 2512 Eben
1161 2467 1197 2511 so

142 2549 326 2628 ,tt=7,14‚
353 2550 367 2612 1
398 2550 536 2634 probata
566 2549 714 2634 condicio
738 2558 800 2626 eat,
830 2549 888 2613 sed
914 2549 961 2613 ita
983 2549 1118 2631 („unter
1140 2549 1197 2613 der
1243 2576 1247 2584 ·

142 2652 287 2735 ugung“)
316 2663 352 2715 ut
380 2650 435 2715 ille
461 2689 494 2698 —
521 2652 686 2736 praesidia
707 2650 894 2716 deduceret.
929 2652 970 2714 de
992 2672 1038 2715 or.
1060 2650 1081 2715 3
1103 2653 1133 2731 ἓ.
1155 2649 1197 2714 38

165 2752 316 2816 videmus
339 2752 387 2818 ita
409 2773 480 2817 esse
502 2757 732 2834 necessarium,
756 2763 793 2816 ut
814 2757 919 2817 lamera
941 2754 1100 2816 eominus
1117 2750 1197 2816 nihil

151 2855 266 2939 possit.
310 2852 387 2917 Und
413 2854 512 2919 ohne
539 2853 822 2939 voraufgahendes
844 2855 908 2918 tta:
934 2853 1025 2917 Lael.
1055 2853 1095 2916 15
1124 2854 1197 2940 quis

142 2956 186 3041 [111
214 2954 310 3035 velit,
340 2966 376 3020 ut
402 2976 507 3041 neque
535 2954 652 3042 diligat
674 2976 867 3041 quemquam
890 2975 951 3018 nee
972 2957 1042 3041 ipse
1065 2953 1107 3019 ab
1130 2952 1197 3018 ullo

142 3065 224 3134 atur,
259 3057 484 3122 circumfluere
516 3058 667 3122 omnibus
700 3058 826 3144 copiis?
863 3055 952 3142 (Vgl.
983 3066 1085 3121 unten
1117 3057 1195 3121 Tae.

148 3158 183 3238 4,
207 3158 274 3243 38.)

142 3259 197 3324 Bai
225 3259 347 3324 Caesar
374 3261 440 3325 und
464 3259 588 3325 Sallust
609 3259 699 3325 nieht
721 3259 884 3325 bernerkt.
911 3283 951 3308 -’
978 3259 1063 3324 Liv.
1087 3259 1125 3343 3,
1146 3259 1198 3343 21,

142 3383 222 3425 nme
250 3362 312 3427 hoc
338 3363 399 3428 tibi
426 3362 640 3448 persuadeas,
667 3384 718 3426 ma
746 3363 793 3426 ita
821 3372 1044 3449 accepturum,
1073 3373 1111 3425 ut
1133 3384 1198 3426 non

142 3483 208 3527 rem
231 3485 337 3528 meum
360 3485 379 3527 a
401 3473 434 3528 te
456 3462 664 3550 impeditum,
687 3463 745 3529 sed
767 3464 903 3549 gloriam
926 3454 1053 3528 auctam
1076 3474 1198 3551 putem.

142 3610 153 3643 ,
170 3567 297 3630 latita
311 3566 456 3631 maxima
471 3576 548 3630 sunt
562 3564 726 3652 adepturi,
748 3575 784 3630 ut
806 3564 888 3630 nihil
910 3588 952 3630 ne
974 3588 1032 3651 pro
1055 3567 1195 3630 minimis

142 3685 186 3729 em
209 3665 358 3732 debeant.
393 3668 450 3746 41,
480 3668 516 3745 6,
548 3667 587 3730 12
612 3666 734 3755 Lycios
762 3668 810 3732 ita
837 3668 899 3732 sub
926 3666 1127 3732 Rhodiorum
1155 3703 1197 3715 —

142 3789 269 3846 aesse,
292 3769 384 3833 utin
407 3768 536 3832 dicione
558 3767 670 3855 populi
691 3769 731 3834 R.
755 3769 906 3834 civitates
929 3769 1037 3833 sociae
1059 3771 1134 3832 sint.
1165 3770 1194 3846 l,

142 3865 238 3933 laed
266 3870 314 3934 ita
342 3870 511 3934 vobiscum
539 3871 715 3935 amicitiam
741 3871 867 3935 institui
894 3892 953 3956 par
981 3880 1044 3947 ast,
1071 3890 1111 3934 rte
1133 3892 1198 3956 qua

142 3969 215 4035 stior
234 3971 381 4035 amicitia
403 3972 553 4039 violetur.
584 3973 642 4054 22,
665 3973 722 4054 61,
746 3974 766 4038 5
794 3973 842 4036 ita
863 3970 1023 4036 admissos
1047 3993 1134 4055 esse,
1157 3993 1197 4037 rte

142 4091 160 4135 r
179 4072 220 4136 iis
241 4073 377 4137 'senatus
401 4072 542 4139 daretur.
588 4072 747 4138 Dasselbe
769 4074 826 4156 31,
850 4074 907 4156 25,
930 4074 960 4137 6.
1006 4072 1070 4144 Mit
1097 4095 1195 4159 unge-

142 4171 253 4239 rlieher
282 4173 431 4260 Stellung
462 4197 526 4240 von
554 4177 617 4240 ita:
644 4176 701 4259 33,
723 4175 780 4254 31,
806 4177 843 4238 ll
873 4184 1036 4260 postremo
1066 4176 1113 4239 ita
1140 4175 1195 4239 de·

142 4295 176 4338 un
199 4285 251 4340 est
271 4274 447 4341 Corinthus
470 4275 662 4342 redderetur
678 4277 828 4359 Achaeis,
852 4286 889 4341 ut
910 4277 943 4339 in
960 4276 1196 4342 Acrocorintho

142 4398 161 4439 n
180 4377 383 4464 praesidium
405 4389 499 4445 esset.

142 4476 225 4543 Tac.
249 4500 324 4543 ann.
347 4481 378 4564 4,
393 4480 435 4546 38
458 4483 537 4545 satis
560 4501 722 4567 superque
744 4479 919 4544 memoriae
933 4501 1024 4544 meae
1040 4478 1195 4562 tribuent,

142 4599 226 4642 111111,
239 4590 296 4632 hlst.
311 4589 400 4642 syntax
414 4593 456 4632 der
469 4590 511 4632 lat.
527 4591 576 4640 Spr.
602 4594 633 4633 11.
1011 4586 1043 4635 47
