2948 4988
726 306 933 370 „73-

248 456 414 523 vielleicht
447 444 475 522 et
513 479 575 522 nur
610 459 682 521 eino
717 458 976 544 Wicderholung
1013 459 1071 523 des
1107 452 1396 539 vorauigehenden

251 565 264 622 t
289 561 359 643 ist).
711 618 715 627 .

331 661 362 724 6.
406 660 452 724 Et
477 698 511 706 -
536 682 594 741 que
627 661 714 724 steht
746 660 846 725 sehon
880 662 932 726 bei
967 661 1122 725 Ennius
1151 681 1226 724 anu.
1250 659 1271 723 6
1299 656 1396 743 frgm.

252 762 290 825 12
313 760 371 825 hos
394 771 427 825 et
449 783 509 845 ego
532 763 564 824 in
588 784 698 847 pugna
713 763 777 825 vici
801 764 972 848 vietusque
995 785 1066 827 snm
1089 762 1131 826 ab
1154 760 1269 825 isdem.
1311 760 1398 825 Dass

249 884 283 926 es
299 862 382 927 arach
403 861 455 926 bei
472 864 615 926 Cicero
638 862 839 945 vorkomme,
863 864 920 928 hat
936 862 1033 928 Hand
1049 864 1234 945 bestritten‚
1257 859 1399 945 Madvig

249 965 328 1027 aber
351 986 392 1027 nn
415 965 563 1048 wenigen
587 962 709 1029 Stellen
733 967 938 1049 eugegeben:
966 967 1022 1029 fin.
1044 966 1075 1047 5,
1097 964 1149 1046 22,
1171 963 1216 1027 64
1242 964 1319 1049 quis
1346 972 1400 1026 est

249 1067 325 1150 quin
349 1064 510 1151 intelligat
537 1075 569 1128 et
591 1087 657 1147 eos,
680 1066 736 1150 qni
759 1066 905 1149 fecerint,
930 1067 1102 1151 dignitatis
1124 1064 1298 1151 splendore
1319 1063 1398 1128 due-

247 1177 298 1231 tos
331 1167 533 1231 immemores
567 1166 669 1231 fuisse
704 1166 879 1231 utilitatum
913 1190 1046 1234 suorum
1081 1188 1208 1252 nosque
1239 1204 1277 1215 -
1307 1163 1400 1230 nulla

248 1267 369 1333 aliare
391 1269 454 1332 nisi
477 1267 648 1333 honestate
672 1267 770 1333 duci?
808 1269 903 1333 Rosc.
927 1271 1002 1337 Am.
1021 1271 1069 1348 17,
1092 1269 1134 1332 48
1156 1266 1338 1355 permultos
1354 1304 1397 1317 —-

247 1371 302 1456 qui
330 1381 363 1435 et
390 1371 453 1456 ipsi
478 1370 602 1435 incensi
630 1380 706 1433 sunt
735 1371 858 1453 studio,
893 1370 980 1457 quod
1008 1369 1049 1433 ad
1078 1391 1191 1454 agrum
1221 1367 1397 1435 colendum

247 1474 382 1555 attinet,
413 1471 577 1558 vitamque
604 1471 687 1535 hanc
715 1472 870 1536 rusticam
895 1510 932 1519 —
956 1472 1185 1536 suavissimam
1211 1492 1285 1535 esse
1307 1470 1398 1536 arbi·

247 1583 375 1637 trantur
404 1575 467 1659 (wo
495 1578 524 1636 el
549 1575 612 1655 ipsi
639 1572 843 1657 lteineswegs
872 1572 925 1636 fur
955 1577 1015 1656 ipsi
1043 1593 1163 1655 quoque
1191 1572 1306 1657 steht).
1350 1574 1396 1637 ad

247 1674 322 1738 fam.
349 1678 376 1757 1,
398 1676 428 1755 ὁ,
452 1673 489 1756 Β,
515 1677 529 1736 1
554 1683 764 1759 posteaquam
796 1674 969 1759 Pompeius
999 1686 1032 1737 et
1054 1672 1142 1759 apud
1172 1675 1330 1761 populum
1356 1712 1398 1722 —-

246 1778 280 1840 in
308 1785 490 1860 senatuque
519 1786 576 1839 ctt.
614 1776 710 1839 Tusa.
741 1779 769 1856 l,
792 1777 866 1859 2,4
893 1777 993 1861 igitur
1022 1786 1055 1839 ct
1086 1774 1332 1861 Epaminondas
1355 1815 1398 1825 —

248 1876 550 1962 Themistoclesque
578 1885 634 1940 ctt.
666 1877 732 1940 div.
764 1880 792 1958 1,
816 1877 867 1954 55,
893 1877 953 1941 126
981 1888 1017 1941 ut
1045 1885 1076 1939 et
1098 1876 1332 1940 observatione
1361 1916 1397 1927 -

247 1977 452 2064 easdemque.
489 1977 580 2040 Brut.
598 1978 649 2059 88,
666 1980 729 2041 302
752 1999 873 2041 memor
889 1990 920 2042 et
936 2000 1019 2063 quae
1043 1987 1152 2041 essent
1165 1976 1255 2040 dicta
1277 1990 1398 2043 eontra

247 2101 394 2166 quaeque
421 2081 491 2164 ipse
519 2078 659 2143 dixisset
686 2079 751 2163 (wo
774 2078 876 2143 Orelli
898 2100 1004 2144 corum
1027 2088 1107 2143 statt
1127 2084 1156 2143 ct
1178 2078 1392 2167 vermuthet).

246 2180 367 2245 Brutus
396 2202 447 2263 ap.
471 2181 540 2244 uie.
569 2180 646 2242 fam.
680 2184 727 2261 11,
754 2181 801 2261 13,
824 2181 845 2244 5
871 2190 908 2244 ut
937 2202 1033 2266 quam
1060 2181 1258 2266 paratissimi
1289 2192 1324 2247 et
1351 2181 1398 2245 ab

245 2283 391 2347 exercitu
415 2280 612 2367 reliquisque
634 2282 731 2345 rebus
755 2320 795 2329 —
825 2281 1048 2366 confligamus.
1094 2280 1189 2363 (Hier
1212 2302 1289 2366 meg
1314 2282 1397 2347 aber

245 2405 359 2469 wegen
387 2384 442 2447 des
471 2381 757 2466 voraufgehcnden
780 2389 914 2466 paratos
940 2383 1021 2466 nach
1046 2382 1173 2446 Hand's
1198 2381 1397 2470 Erklttrung

245 2492 274 2551 ct
300 2484 427 2568 „aueh“
455 2484 642 2565 bedentenl.
688 2483 778 2548 Weit
805 2495 957 2568 getrennt
991 2485 1065 2548 sind
1094 2482 1190 2548 beide
1218 2484 1396 2550 Partikeln

245 2586 329 2672 legg.
358 2591 384 2669 1,
410 2589 458 2669 11,
481 2587 519 2650 31
545 2607 618 2648 uam
641 2596 673 2649 et
696 2585 928 2671 voluptate-
951 2584 1115 2671 similique
1138 2585 1315 2650 inscientia
1336 2598 1395 2652 ctt.

244 2688 407 2753 Unsichcr
435 2690 479 2752 ist
503 2689 544 2752 de
573 2687 626 2750 fin.
649 2688 680 2769 ῦ,
709 2689 756 2769 12,
780 2688 822 2750 34
850 2697 881 2750 et
910 2689 957 2751 ita
987 2688 1162 2772 figuratum
1190 2708 1313 2771 corpus
1350 2728 1392 2736 —

243 2780 451 2875 animumque
478 2791 523 2853 ita
546 2789 757 2853 constitutum
781 2790 921 2866 (Bellen
951 2800 983 2854 et
1009 2791 1169 2870 animum,
1197 2789 1278 2852 nach
1304 2790 1393 2855 Con-

241 2891 376 2976 jectur).
420 2890 556 2973 Madvig
577 2888 659 2953 lttsst
676 2890 797 2976 jedoch
826 2890 890 2953 den
914 2889 1088 2954 Gehranch
1111 2889 1163 2952 bei
1187 2889 1305 2954 Cicero
1329 2914 1395 2956 nur

243 2991 291 3055 als
308 2990 576 3074 Nachlttssiglteit
591 2990 699 3074 geltcn
717 2996 855 3077 („neque
877 2993 963 3055 enim
987 3004 1075 3055 recte
1096 2992 1169 3074 fir‘)
1191 2990 1258 3055 un'd
1274 2994 1394 3072 meiat,

244 3095 302 3158 der
318 3091 489 3155 Verfasser
511 3093 594 3156 habe
617 3115 669 3155 am
693 3092 824 3156 Schluss
848 3094 901 3158 die
924 3104 1009 3157 crete
1024 3091 1174 3156 Partikel
1197 3114 1391 3177 vergessen.

243 3193 300 3257 Ich
323 3192 443 3278 glaubo
466 3191 630 3273 viehnehr‚
655 3195 729 3257 dass
754 3216 827 3256 man
850 3195 902 3257 bei
926 3195 987 3258 den
1008 3193 1215 3259 zahlreiehen
1238 3216 1304 3257 von
1328 3196 1393 3261 der

244 3294 386 3381 Spreche
405 3303 601 3378 gestattetcn
620 3294 830 3360 Veriationen
846 3297 905 3359 der
919 3298 1176 3380 ‹torresponsion
1198 3298 1279 3361 auch
1304 3297 1393 3363 hier·

243 3396 323 3460 iiber
346 3396 414 3459 sich
437 3395 527 3460 nicht
549 3419 589 3459 an
606 3398 764 3461 wandern
786 3398 852 3461 und
877 3397 983 3461 nichts
1000 3396 1275 3463 Absonderliches
1293 3398 1390 3467 darin

242 3520 282 3560 eu
310 3498 431 3561 sucheu
463 3497 619 3579 hrauche,
653 3498 735 3561 noch
765 3499 907 3582 weniger
934 3499 1013 3562 aher
1041 3499 1114 3561 dem
1138 3499 1253 3562 Cicero
1285 3511 1391 3565 etwas

242 3598 426 3662 vorwerfen
448 3598 552 3678 diirfe,
575 3599 661 3663 denn
684 3600 769 3663 dazu
792 3599 872 3662 fehlt
893 3622 954 3664 uns
977 3601 1034 3664 das
1057 3599 1305 3665 Veretttndniss.
1375 3672 1381 3679 ⁴

326 3701 385 3763 Bei
409 3704 517 3765 Caes.
542 3702 572 3765 h.
597 3723 623 3764 e.
646 3702 675 3784 3,
698 3702 749 3783 26,
765 3702 785 3762 3
809 3708 853 3782 (ct
876 3704 940 3765 vim
963 3702 1166 3787 tempestatis
1185 3740 1222 3747 -
1240 3714 1388 3787 praetcr-

242 3809 427 3887 veetosquc)
450 3802 530 3867 wird
554 3808 582 3867 et
603 3802 688 3867 wohl
711 3804 838 3885 ‚‚auch“
862 3802 1033 3868 bedenten.

328 3909 401 3985 Aus,
420 3902 542 3967 Sallust
565 3905 608 3968 ist
630 3903 736 3967 niehts
761 3905 859 3967 citirt.

326 4004 573 4089 Angezweifelt,
596 4006 675 4069 aher
697 4004 965 4069 handschriftlich
988 4006 1039 4070 bei
1062 4005 1146 4069 Liv.
1168 4005 1200 4082 2,
1220 4007 1287 4088 4,5
1310 4030 1387 4072 cum

241 4147 282 4156 —
310 4117 343 4171 ct
369 4117 519 4170 cenatum
548 4108 630 4170 forte
659 4106 744 4191 apud
774 4105 924 4169 Vitellios
955 4118 1041 4170 esset
1074 4107 1300 4193 corriuratique
1327 4120 1386 4175 ott

240 4211 270 4282 4,
293 4210 324 4290 2,
348 4210 368 4270 3
391 4208 425 4272 id
449 4218 481 4272 et
508 4208 646 4290 singulis
673 4208 898 4293 universisque
927 4208 993 4288 (W.
1024 4206 1106 4272 will:
1142 4218 1174 4272 et
1196 4206 1252 4293 id).
1301 4208 1388 4274 Sehr

240 4311 392 4374 unsicher
413 4309 458 4372 ist
478 4310 529 4386 33,
552 4311 603 4392 28,
627 4310 644 4372 l
669 4319 701 4372 et
723 4310 884 4372 constanti
909 4348 940 4356 -
968 4307 1141 4395 multaque.
1187 4308 1267 4373 Was
1290 4323 1388 4377 sonet

240 4409 324 4473 noch
348 4432 410 4473 von
434 4410 531 4474 lland
552 4411 583 4491 2,
606 4411 670 4474 529
690 4431 748 4473 aus
764 4409 879 4475 Livius
901 4411 990 4475 citirt
1013 4409 1105 4492 wird‚
1128 4412 1171 4473 ist
1192 4411 1293 4474 sehon
1319 4434 1386 4477 von
