2948 4988
568 289 779 353 -59-

185 429 232 507 'Et
252 426 295 490 ζ
318 446 411 523 atquc
435 479 470 489 -
495 447 604 524 atque:
638 441 679 504 ad
712 441 790 505 fam.
821 442 847 520 1,
875 441 897 505 5
922 440 956 504 A
985 449 1018 504 et
1050 439 1243 526 dignitatem

92 555 188 608 tutam
210 545 244 608 in
267 545 389 608 virtute
410 553 509 629 atque
531 544 565 607 in
588 544 685 609 rebus
707 543 809 628 gestis
832 543 897 606 tuis
920 552 1017 628 atque
1040 542 1073 607 in
1095 553 1151 608 tua
1172 564 1243 628 gra·

92 647 205 711 vitate
225 645 377 732 positam.

185 745 232 811 Et
253 784 296 794 -
317 767 356 810 ac
378 786 416 795 —
439 766 513 828 quc:
547 769 579 810 n.
602 745 634 810 d.
661 746 733 826 l,2
760 768 836 810 nam
864 745 1032 831 etfruges
1055 743 1244 831 etreliqua,

92 870 185 935 quae
212 859 302 913 terra
327 847 450 933 pariat,
485 857 517 912 et
543 856 752 935 tempestates
787 868 825 912 ac
858 858 1038 934 temporum
1068 848 1245 912 varietates

92 949 248 1037 caelique
270 948 476 1014 mutationes.
565 1000 567 1003 .

184 1050 231 1116 Et
253 1089 290 1099 -
315 1072 353 1116 ac
377 1089 415 1099 —-
438 1057 482 1118 et:
504 1051 555 1115 Ib.
579 1072 629 1137 cp.
656 1052 703 1129 11,
727 1051 768 1115 26
792 1053 1008 1135 Anaxagorae
1032 1051 1156 1135 primus
1179 1072 1245 1113 om·

92 1154 194 1218 nium
216 1174 324 1217 rerum
347 1154 599 1240 descriptionem
623 1163 656 1216 et
677 1151 807 1217 modum
836 1152 954 1225 mentis
983 1151 1129 1215 infinitae
1151 1151 1184 1214 vi
1207 1173 1247 1216 ac

92 1255 227 1329 ratione
249 1253 416 1341 designari
439 1265 473 1320 et
494 1254 608 1319 confici
631 1254 770 1317 voluit.-

182 1355 230 1420 Et
252 1394 292 1404 -
315 1377 374 1438 que
395 1395 435 1404 —-
458 1379 530 1439 qtae:
563 1357 613 1421 lb.
636 1359 666 1437 ξ.
690 1356 730 1420 27
760 1357 814 1441 qui
837 1354 898 1420 soli
921 1363 960 1418 et·
976 1354 1073 1419 lunae
1094 1353 1244 1440 reliquis·

91 1478 162 1544 que
184 1456 350 1523 sideribus
373 1457 544 1544 animoque
566 1466 733 1545 praeterea
755 1456 962 1521 divinitatem
986 1454 1087 1520 dedit.

187 1560 255 1640 Quo
274 1596 316 1607 -
338 1565 368 1624 et
390 1596 426 1607 -
451 1581 504 1624 ac:
537 1559 611 1623 Liv.
633 1560 684 1641 35,
706 1560 744 1621 41
777 1559 965 1644 urbanaque
995 1567 1028 1621 et
1049 1558 1135 1622 inter
1155 1557 1245 1623 cives

93 1683 136 1725 ac
159 1663 352 1747 peregrinos
376 1659 567 1726 iurisdictio.

187 1762 254 1842 Que
275 1798 317 1810 -
339 1767 368 1827 el
392 1799 428 1809 —
452 1767 497 1826 et:
519 1761 586 1826 Cic.
605 1784 635 1824 n.
652 1762 683 1825 d.
702 1764 731 1842 1,
754 1764 784 1842 ξ.
800 1762 839 1824 31
865 1759 1068 1848 eundemque
1090 1770 1124 1824 et
1145 1760 1246 1824 solem

94 1873 130 1929 et
154 1864 300 1927 animum
325 1864 420 1928 deum
444 1861 563 1927 dicere.

188 1963 255 2044 Quc
273 2002 307 2012 -
325 1986 385 2046 que
399 2002 439 2012 -
455 1970 484 2030 el
498 2003 536 2014 -
554 1971 599 2030 el:
623 1965 672 2032 lb.
694 1969 724 2048 ξ.
741 1965 782 2028 26
805 1964 1027 2028 Anaximenes
1052 1973 1130 2028 aera
1151 1963 1247 2028 deum

94 2065 217 2133 statuit
249 2088 388 2153 eumque
420 2067 513 2152 gigni
546 2087 682 2150 esseque
722 2066 916 2131 immensum
950 2076 982 2131 et
1020 2064 1182 2129 inlinitum
1214 2073 1248 2128 et

94 2190 231 2254 semper
251 2169 286 2231 in
308 2179 409 2234 motu.

187 2269 254 2350 Qec
277 2308 315 2318 -
338 2276 368 2335 et
388 2307 430 2319 -
455 2291 515 2352 quc
542 2307 583 2318 -
605 2274 649 2335 et:
682 2269 732 2335 Ib.
765 2275 794 2352 ξ.
830 2271 873 2334 34
901 2268 1004 2334 stellis
1037 2267 1246 2334 divinitatem

95 2370 219 2438 tribuit
239 2393 402 2459 sensuque
417 2370 513 2436 deum
537 2372 645 2460 privat
660 2380 693 2436 et
709 2372 778 2437 eius
801 2371 939 2436 formam
962 2369 1152 2435 mutabilem
1175 2390 1247 2433 esse

95 2472 172 2539 vult
209 2472 389 2564 eodemque
425 2475 459 2537 in
496 2473 580 2538 libro
616 2495 728 2539 rursus
765 2484 885 2538 terram
922 2481 954 2537 et
990 2471 1114 2536 caelum
1148 2470 1248 2534 refert

96 2576 132 2638 in
156 2572 248 2644 deos,

184 2674 232 2740 Et
254 2713 292 2723 -
317 2697 438 2757 que-
460 2683 489 2741 et
510 2715 550 2724 -
573 2677 722 2742 oblim.
747 2678 775 2741 6.

186 2779 290 2860 Atque
312 2814 354 2825 -
381 2784 411 2842 et
433 2784 582 2843 —et—
611 2783 720 2861 atquc:
753 2779 793 2843 de
820 2799 864 2841 or.
901 2779 927 2861 1,
955 2777 1007 2858 40,
1039 2777 1099 2841 184
1127 2777 1248 2862 praesi-

97 2881 194 2945 dium
219 2878 393 2944 clientibus
416 2890 515 2965 atque
535 2901 629 2965 opem
659 2881 772 2944 amicis
795 2889 829 2944 et
850 2901 950 2965 prope
973 2879 1098 2943 cunctis
1122 2878 1249 2942 civibus

96 2985 209 3047 lucem
232 2981 354 3067 ingenii
378 2990 411 3045 et
432 2979 559 3045 consilii
582 2981 634 3045 sui
656 2982 876 3067 porrigentem
899 2991 996 3067 atque
1019 2979 1215 3044 tendentem.

188 3082 255 3163 Quc
276 3119 318 3131 -
339 3104 378 3148 ac
400 3119 440 3130 -·
462 3088 491 3147 et
515 3120 549 3130 -
575 3103 613 3147 ac
633 3119 676 3131 —
697 3087 740 3146 ct:
763 3081 860 3147 Tusc.
880 3086 906 3165 1,
926 3083 970 3145 40
992 3091 1157 3167 totamque
1181 3080 1247 3143 vim

95 3186 186 3252 bene
210 3183 345 3249 vivendi
367 3186 401 3247 in
424 3184 524 3249 animi
546 3185 722 3249 roboreae
744 3182 969 3269 magnitudine
992 3183 1080 3248 etin
1104 3183 1246 3246 omnium

94 3308 209 3352 rerum
237 3285 454 3349 humanarum
481 3287 723 3372 contemptione
749 3307 787 3351 ac
816 3284 1027 3372 despicientia
1049 3296 1081 3350 et
1103 3285 1138 3348 in
1160 3284 1248 3349 omni

95 3389 227 3452 virtute
249 3409 419 3474 ponamus.

186 3488 234 3553 Et
252 3525 296 3537 -
317 3493 346 3553 et
366 3494 521 3553 -et-
544 3495 637 3571 atqaae
663 3527 697 3537 -
722 3496 831 3572 atquc:
865 3489 949 3554 Tim.
973 3489 993 3552 6
1021 3487 1127 3552 levem
1156 3486 1247 3550 illum

95 3591 209 3655 effecit
232 3600 266 3654 et
288 3588 433 3675 undique
456 3589 660 3677 aequabilem
676 3601 709 3654 et
724 3613 745 3654 a
759 3590 866 3654 medio
889 3590 931 3654 ad
955 3612 1113 3654 summum
1137 3610 1247 3676 parem

95 3705 130 3758 ct
160 3690 344 3777 perfectum
373 3704 472 3777 atque
497 3692 679 3758 absolutum
708 3713 750 3756 ex
778 3689 936 3757 absolutis
963 3701 1060 3777 atque
1082 3690 1246 3777 perfectis.

94 3795 213 3859 deor.
239 3795 266 3875 1,
287 3793 341 3873 40,
367 3793 436 3857 184.

186 3894 281 3960 Nocb
310 3894 443 3978 langere
472 3894 657 3982 copulative
687 3894 937 3981 Satzcomplexe
965 3894 1073 3958 finden
1099 3893 1169 3959 sich
1192 3892 1246 3957 be·

93 3996 240 4064 sonders
263 3996 314 4062 bei
337 3996 453 4062 Cicero
476 3997 543 4060 und
572 3998 684 4080 zeigen
714 3995 857 4080 iiberall,
886 3999 948 4061 wie
975 3995 1029 4060 dic
1052 3994 1248 4061 Abwechse-

94 4099 183 4182 lung
217 4095 276 4160 der
309 4096 481 4162 Partikeln
514 4097 573 4162 der
604 4097 756 4162 Klarheit
789 4097 848 4161 des
881 4097 1095 4163 Ausdruckes
1130 4095 1247 4159 dienen

94 4222 202 4276 muss,
227 4220 255 4260 a.
279 4197 316 4262 B.
340 4220 373 4263 n.
397 4198 428 4263 d.
455 4202 482 4280 1,
508 4202 537 4281 1,
560 4200 580 4262 2
601 4222 677 4263 nam
701 4211 733 4264 et
755 4198 796 4264 de
816 4200 930 4284 figuris
953 4199 1086 4262 deorum
1110 4207 1174 4278 ctt,
1198 4218 1247 4260 wo

95 4303 156 4365 die
191 4299 401 4385 copulativen
435 4301 694 4388 Oonjunctionen
733 4300 783 4365 bis
819 4323 893 4364 zum
930 4299 1023 4362 Endo
1057 4298 1114 4360 des
1149 4297 1247 4361 Para·

97 4400 253 4488 grapben
275 4401 427 4467 dreizebn
451 4401 519 4468 Mal
541 4404 575 4468 in
598 4401 806 4488 geschickter
823 4403 1027 4485 Anordnung
1049 4399 1160 4484 folgen
1182 4401 1248 4469 und
