2948 4988
614 294 843 357 „443-.

244 463 414 529 Gedndert
435 463 478 526 ist
495 466 583 549 jetzt
604 463 688 526 niv.
712 463 763 545 31,
779 463 845 543 t,8
870 461 1011 542 (frtihen
1034 461 1123 545 dico,
1145 472 1330 550 quantun

157 567 331 651 praestat).
385 563 467 630 Sehr
500 562 681 628 auflallend
712 562 781 627 und
815 562 981 629 entweder
1007 564 1113 641 falech
1141 565 1222 630 oder
1245 575 1335 639 urs

162 670 251 733 einer
266 665 543 749 Verwechselung
564 665 624 728 mit
646 665 708 731 den
724 664 965 730 conditionalen
981 665 1102 732 Stttaen
1119 665 1331 742 bernhemd2

157 770 216 851 34,
238 771 277 847 3,
300 770 321 833 5
348 765 437 832 nulla
464 765 519 831 lex
551 767 631 831 satis
665 765 834 831 commoda
865 768 1016 833 omnibus
1045 778 1110 849 est3
1145 767 1179 831 id
1208 776 1329 845 modo

158 871 337 953 quaeritur,
366 870 395 933 si
416 868 531 932 maiori
562 870 702 953 partiat
730 869 763 932 in
785 890 942 933 summam
960 871 1098 952 prodest.
1143 869 1325 955 Corrigift

157 972 199 1036 ist
227 969 322 1054 lange
348 967 450 1035 sehon
479 978 562 1034 trotz
591 968 649 1033 der
677 968 792 1034 besten
821 968 1097 1058 Handschriftep:
1126 971 1184 1054 22,
1206 972 1276 1058 36,
1308 989 1316 1047 ι

158 1082 299 1159 quantae
322 1079 430 1162 autem
452 1072 565 1157 copiae
589 1071 722 1136 additae
744 1082 820 1136 sunt
842 1073 957 1157 (jetzt:
983 1072 1063 1158 sint)
1085 1072 1169 1138 adeo
1191 1082 1225 1139 et
1244 1098 1314 1146 nn·

158 1195 246 1238 mero
276 1183 308 1236 et
334 1195 452 1257 genere
480 1174 645 1258 copiarum
674 1173 802 1237 variant
831 1184 998 1252 auctores,
1033 1183 1069 1237 ut
1098 1184 1157 1240 ctt.
1207 1174 1311 1247 Sonat

65 1293 68 1297 ·
157 1274 261 1340 findet
283 1274 353 1339 sich
376 1274 429 1339 bei
451 1274 568 1339 Livius
591 1274 688 1339 keine
703 1273 789 1360 Spur
808 1273 865 1339 des
880 1274 1062 1339 indicativa
1078 1276 1113 1339 in
1129 1275 1308 1345 indirecter

158 1378 276 1462 Frage.

245 1477 371 1542 Frtiher
393 1476 440 1541 las
462 1501 538 1542 man
560 1477 622 1542 den
647 1478 813 1543 Indicativ
837 1478 888 1542 bei
912 1477 984 1542 Val.
1006 1478 1095 1543 Max.
1111 1479 1178 1560 4,3
1198 1478 1303 1572 praefi

158 1581 190 1661 5,
215 1581 245 1660 7,
270 1587 336 1643 ext.
362 1582 389 1647 l.
413 1580 441 1657 8,
470 1583 481 1642 l
507 1579 569 1665 prf.
593 1581 622 1658 8,
648 1582 685 1644 11
711 1581 774 1667 prs.
820 1581 874 1644 An
900 1578 987 1644 allen
1015 1582 1088 1644 vier
1117 1578 1304 1645 Stellenist

157 1683 244 1768 jetat
266 1678 325 1743 der
348 1679 548 1767 Conjunetiv
571 1680 769 1766 hergestellt.

244 1781 377 1845 Sodann
400 1782 473 1846 sind
496 1783 549 1846 ein
571 1804 653 1866 paar
675 1781 798 1848 Stellen
821 1784 878 1847 des
897 1785 1061 1870 jilngeren
1085 1783 1228 1850 Seneca
1246 1792 1306 1844 zu

159 1883 365 1949 betrachten:
389 1893 457 1948 nat.
480 1906 534 1969 qu.
556 1885 586 1963 3,
612 1884 661 1966 10,
687 1886 703 1947 l
727 1906 801 1947 cum
824 1883 957 1967 videris,
981 1894 1105 1972 quanta
1127 1895 1209 1967 sunt,
1225 1897 1309 1948 mr·

160 2008 215 2050 sus
238 2007 281 2049 ex
309 1995 430 2070 quanto
460 1984 625 2071 prodeant¹
644 1985 786 2070 adspice.
830 1987 859 2063 6,
881 1986 932 2069 23,
955 1987 976 2051 3
1005 1987 1040 2051 in
1066 1987 1161 2053 libris
1183 1985 1311 2075 quibuss

159 2087 325 2164 describit,
349 2107 444 2172 quem
468 2085 656 2151 admodum
673 2085 789 2152 Helice
804 2088 966 2174 Burisque
981 2111 1109 2154 mersae
1130 2082 1313 2174 sunt‘qaifl

159 2188 235 2254 illas
257 2210 352 2253 casus
375 2188 409 2251 in
433 2209 521 2251 mare
544 2187 596 2252 vel
619 2191 651 2254 in
674 2187 747 2254 illas
769 2212 857 2254 mare
880 2190 1040 2256 immersit
1057 2192 1104 2277 (l)
1124 2199 1180 2257 ctt.
1212 2190 1316 2255 osse

159 2292 228 2356 dies
252 2290 351 2355 letzte
375 2289 469 2354 Wort
496 2288 600 2354 falsch
622 2291 684 2373 ist,
713 2289 792 2376 liegt
820 2292 878 2356 auf
904 2291 963 2354 der
991 2291 1102 2361 Hand.
1145 2294 1181 2372 7,
1201 2291 1247 2373 24,
1282 2275 1318 2344 2

161 2391 274 2480 qualia
296 2402 387 2472 sunt,
412 2393 611 2474 ignoramus.
657 2394 710 2457 Da
732 2415 766 2457 es
794 2392 864 2458 sich
887 2413 929 2456 an
951 2391 1066 2459 diesen
1088 2393 1160 2460 drei
1181 2389 1319 2460 stelen

163 2517 225 2558 nur
248 2495 362 2558 darum
378 2492 523 2574 handelt,
547 2494 588 2558 ob
610 2500 685 2559 auat
706 2494 784 2560 oder
798 2497 864 2560 sint
878 2517 920 2559 au
935 2492 1025 2560 lesen
1041 2495 1101 2577 sei,
1124 2518 1159 2561 so
1172 2495 1321 2561 konnen

159 2594 263 2661 selbst
284 2596 339 2659 die
361 2594 638 2676 Handschrilten,
667 2594 721 2659 die
749 2596 818 2660 sich
841 2597 912 2660 hier
939 2596 992 2661 fiir
1020 2595 1086 2662 den
1107 2596 1208 2662 Indic.
1226 2594 1320 2659 ent·

160 2697 324 2778 scheiden,
348 2697 455 2761 nichts
479 2696 653 2761 beweisen.

245 2799 295 2862 lm
319 2797 440 2862 Munda
468 2796 694 2881 ungebildeter
716 2799 895 2863 Menschen
924 2800 976 2863 bei
999 2800 1162 2866 Petron:
1191 2800 1226 2865 58
1244 2786 1322 2862 di·

160 2921 231 2964 cam
254 2899 330 2979 tibi,
360 2900 416 2984 qui
444 2899 485 2962 de
507 2900 602 2968 nobis
626 2901 728 2963 currit
749 2910 782 2963 et
804 2902 845 2965 de
866 2900 937 2966 loco
960 2924 1025 2966 non
1054 2913 1213 2985 movetur,
1237 2882 1323 2986 qui

163 3000 203 3064 de
234 2999 327 3063 nobis
356 3001 489 3064 crescit·
506 3010 538 3063 et
566 3001 669 3064 minor
696 3000 742 3066 fit.
788 3003 828 3066 to
856 3012 982 3067 tantum
1016 3004 1104 3090 quod
1132 3005 1207 3070 mihi
1231 3005 1323 3067 n0¹¹

164 3101 305 3179 dixerat,
328 3101 407 3186 quid
431 3101 537 3186 pridie
561 3123 764 3167 cenaveram.
808 3104 899 3168 Aber
926 3105 1127 3173 conditional
1153 3107 1230 3171 nach
1246 3090 1323 3168 5⁸¹³

160 3204 202 3267 33
231 3213 393 3267 tentemus
423 3213 549 3284 tamen,
581 3206 608 3268 si
637 3204 743 3267 adhuc
772 3204 906 3268 sorbilia
934 3216 1019 3275 sunt.
1070 3210 1107 3273 71
1135 3192 1323 3294 inseripti⁰

161 3327 289 3391 quoque
323 3306 400 3369 vide
433 3304 608 3390 diligenter
636 3309 663 3371 si
692 3305 774 3369 haec
807 3308 888 3371 satis
926 3307 1045 3373 idonea
1077 3311 1137 3375 tibi
1165 3309 1323 3374 videtur·

164 3406 292 3486 (Durch
315 3407 561 3492 Interpunction
586 3408 629 3473 ist
653 3408 820 3493 beseitigt:
845 3407 928 3473 Plin.
951 3432 1002 3495 ep.
1027 3412 1055 3489 7,
1079 3413 1132 3494 20,
1155 3412 1198 3499 6.)

252 3508 347 3572 Auch
364 3531 422 3573 aus
443 3518 589 3595 spttterer
604 3511 678 3574 Zeit
694 3498 735 3574 ist
750 3533 811 3574 nur
826 3513 934 3596 wenig
948 3513 1168 3578 anauft'rhren:
1190 3517 1288 3600 Apu
1303 3489 1325 3554 l·
1358 3552 1360 3557 -

160 3619 237 3674 met.
255 3613 282 3689 l,
297 3610 339 3675 25
362 3608 438 3676 faxo
461 3613 557 3692 scias,
581 3633 676 3696 quem
698 3610 892 3677 admodum
917 3612 992 3678 mali
1016 3615 1139 3681 debent
1152 3615 1325 3681 coercefl·

161 3711 190 3793 9,
212 3711 255 3775 30
274 3712 387 3797 accipe
409 3713 520 3797 igitur,
544 3735 639 3799 quem
663 3713 703 3777 ad
727 3713 857 3778 modum
881 3718 1166 3802 cunctacognovi.
1201 3692 1323 3783 Gell·

164 3815 191 3895 1,
213 3814 244 3892 3,
270 3814 307 3877 ll
338 3813 451 3897 video,
480 3836 542 3900 quo
571 3837 675 3900 usque
702 3837 897 3900 progressus
926 3827 984 3886 est.
1037 3818 1115 3883 Und
1144 3842 1209 3885 was
1234 3815 1323 3883 n¹¹¹¹

161 3916 245 3979 noch
268 3914 362 3999 folgt,
387 3915 429 3977 ist
452 3938 525 3979 aum
549 3916 643 3981 Theil
667 3918 834 3982 unsicher:
858 3917 1027 4005 Capitol.
1045 3920 1157 3988 Ver.9
1178 3919 1217 3985 de
1235 3916 1321 4005 (1¹¹⁰

162 4014 259 4096 bello,
284 4017 364 4101 quid
387 4038 445 4103 per
467 4016 592 4100 legatos
608 4017 822 4082 barbarorum
839 4057 876 4066 —
893 4018 972 4105 quid
987 4042 1047 4104 per
1062 4023 1160 4088 duces
1176 4016 1318 4088 nostr0⁸

162 4126 292 4200 gestum
315 4128 374 4199 est,
397 4120 430 4181 in
446 4117 550 4184 Marci
574 4121 643 4183 vita
665 4120 853 4203 plenissime
868 4121 1073 4206 disputatum
1088 4133 1147 4188 est.
1182 4096 1313 4188 Part-5

161 4216 265 4303 qualis
299 4220 477 4304 imperator
510 4243 544 4284 es
579 4222 724 4303 futurus,
764 4222 840 4286 hinc
873 4221 1100 4307 intelligimus.
1154 4225 1304 4303 Lampr·

161 4319 261 4382 Diod.
285 4321 302 4384 7
327 4321 404 4405 quid
428 4321 504 4386 boni
528 4320 638 4408 adepti
663 4346 783 4405 sumus,
807 4334 895 4389 caret
914 4325 1154 4392 aestimatione.
1189 4311 1294 4391 Trai·

162 4421 239 4504 trig.
263 4431 326 4507 tyr.
349 4421 390 4486 26
413 4426 574 4510 persequi,
598 4425 711 4510 quanti
736 4463 773 4473 -
797 4427 931 4490 suemnt
953 4427 1096 4512 tyranni.
1133 4428 1174 4493 30
1193 4427 1219 4491 si
1238 4411 1289 4485 ⁵0¹²
