2924 4994
572 336 797 398 -517-

92 502 211 563 einem
233 498 404 586 speciellen
428 501 519 564 Falle
548 526 586 564 zu
615 503 882 583 untersclreiden,
915 505 978 565 den
1009 503 1254 590 Oonjunctiv

88 624 163 664 zur
186 599 289 686 Folge
312 601 383 665 hat:
416 602 516 666 Merc.
540 603 603 666 610
625 604 771 667 odiosast
793 604 914 683 oratio,
945 626 1041 689 quom
1070 625 1136 667 rem
1160 626 1251 688 agas,

83 700 320 789 longinquum
344 702 432 790 loqui
458 708 588 788 („wenn
611 706 735 788 man“).
766 705 864 791 Epid.
888 707 916 783 5,
940 707 969 786 2,
992 706 1033 771 53
1057 707 1251 786 acerbumst,

79 827 166 888 pro
189 805 373 869 benefactis
402 828 499 892 quom
523 807 653 869 messim
677 816 789 870 metas.
835 807 1046 871 Zweifelhaft
1068 812 1111 873 ist
1132 808 1251 872 Pseud.

72 903 187 987 6123
211 930 235 970 s.
260 907 408 971 Liibbert
431 906 463 972 S.
487 909 538 971 43.
1200 995 1202 998 .

192 1007 284 1072 uben
316 1031 352 1072 so
382 1010 469 1073 steht
499 1009 558 1072 der
579 1009 745 1075 Indicativ
774 1009 856 1074 auch
887 1011 938 1073 bei
964 1011 1162 1075 Klassikern
1185 1012 1250 1076 und

61 1117 227 1191 apator,
251 1133 279 1173 a.
306 1111 342 1174 B.
368 1112 428 1174 mit
451 1111 752 1196 voraufgehendem
775 1118 858 1176 tunt:
881 1113 964 1177 Cic.
988 1137 1017 1176 n.
1041 1115 1071 1177 d.
1091 1117 1116 1189 1,
1139 1115 1161 1177 4
1183 1126 1251 1178 tum

57 1206 263 1274 facillime
292 1223 486 1296 noscuntur,
515 1236 588 1277 cum
616 1253 650 1261 -
677 1215 892 1301 explicantur.
937 1216 965 1288 3,
991 1215 1030 1277 12
1058 1225 1125 1277 tum
1154 1217 1251 1279 inter·

14 1359 19 1372 .
55 1322 192 1391 eunt,
216 1335 288 1377 cum
312 1314 345 1376 in
363 1324 510 1377 naturam
528 1313 627 1399 aliam
642 1326 888 1379 convertuntur.
919 1316 1008 1380 Oder
1024 1315 1083 1378 der
1098 1316 1248 1380 Neben·

54 1422 194 1477 satz
217 1415 297 1499 geht
319 1415 450 1478 vorauf:
475 1416 572 1480 Rosc.
592 1419 667 1480 Am.
691 1418 729 1480 37
754 1418 876 1499 soletis,
900 1439 971 1480 cum
994 1417 1119 1503 aliquid
1143 1418 1251 1482 huius·

56 1516 233 1580 eemodi
262 1515 399 1596 auditis,
436 1519 589 1583 continuo
624 1519 732 1582 dicere
767 1529 823 1582 ott.
852 1518 934 1607 leg.
964 1519 1051 1582 Mau.
1080 1520 1118 1596 6,
1151 1520 1190 1583 15
1218 1520 1251 1582 in

57 1620 222 1682 ceteris
245 1618 361 1699 rebus,
397 1640 469 1682 cum
500 1621 590 1682 venit
612 1621 799 1699 calamitas,
823 1631 891 1683 tum
915 1620 1145 1684 detrimentum
1168 1623 1250 1684 aeci·

60 1713 192 1791 pitur
222 1758 270 1783 -.
321 1719 405 1782 Nam
434 1743 506 1783 cum
536 1720 675 1785 hostium
704 1722 817 1808 copiae
845 1718 908 1785 non
938 1723 1032 1806 longe
1060 1724 1181 1786 absunt
1212 1761 1249 1770 -

63 1830 209 1889 pecua
237 1821 482 1907 relinquuntur,
513 1824 582 1906 agri
611 1823 737 1886 cultura
766 1823 926 1888 deseritur
956 1835 1011 1889 ott.
1057 1825 1112 1887 fin.
1139 1827 1170 1906 1,
1204 1826 1250 1906 17,

70 1909 124 1976 57
162 1944 243 1987 eum
266 1925 550 2006 eo—intuemur,
573 1939 641 1988 tum
664 1925 701 1988 fit
724 1937 759 1988 ut
781 1934 837 1988 ctt.
869 1925 959 1989 Hor.
984 1938 1043 1989 sat.
1068 1928 1098 2009 2,
1121 1930 1152 2004 3,
1175 1927 1249 1989 303.

72 2007 216 2086 Ueber
238 2023 292 2087 die
314 2027 458 2088 aweite
481 2026 605 2090 Person
627 2027 714 2110 Sing.
738 2029 781 2089 im
805 2026 1057 2111 Conjunctiv
1080 2051 1105 2090 s.
1130 2031 1159 2101 ,8.
1177 2027 1249 2103 498,

76 2110 114 2188 1>
147 2121 190 2188 b.
215 2163 251 2172 -
276 2125 441 2190 Phaedr.
466 2129 503 2208 4,
526 2128 584 2207 23,
611 2129 649 2191 16
673 2150 744 2190 cum
768 2150 849 2213 opus
874 2140 933 2208 est,
957 2128 1040 2191 nihil
1062 2127 1174 2192 habes.
1219 2152 1250 2192 v.

80 2211 135 2275 18
165 2245 241 2290 eum
264 2226 381 2291 bruma
403 2239 462 2307 est,
487 2229 572 2293 siles.
596 2255 629 2294 v.
654 2232 702 2293 13.

193 2327 226 2391 b.
247 2328 316 2391 Der
338 2327 525 2395 Nebensatz
550 2332 735 2413 begriindet
756 2333 788 2394 in
814 2331 1009 2415 temporaler
1025 2330 1122 2394 Form
1147 2329 1250 2393 durch

32 2507 40 2517 .
80 2411 161 2524 ⁸{11
193 2429 336 2494 Verbum
372 2429 431 2495 der
465 2432 792 2516 Wahruehmung
823 2434 903 2495 oder
937 2432 995 2494 der
1028 2430 1248 2496 Reslexion

83 2524 165 2586 ⁸¹¹1
183 2530 225 2594 im
247 2532 454 2616 Hauptsatae
477 2535 773 2618 ausgesproelrenes
800 2531 967 2597 Urtheil.
1007 2531 1124 2596 Solehe
1142 2533 1249 2596 Verba

87 2603 171 2688 des
196 2632 418 2698 Nebensatzes
442 2632 532 2697 sind:
568 2637 682 2715 audie,
705 2637 853 2716 aruspicia,
885 2636 1039 2717 0010011110,
1068 2635 1179 2715 sopito,
1202 2656 1249 2698 re-

78 2720 217 2816 lelO,
239 2742 362 2817 reputo,
391 2737 550 2800 considero
578 2737 643 2798 und
667 2736 826 2800 thulielre.
874 2736 998 2799 Plaut.
1025 2735 1141 2798 Pseud.
1169 2737 1250 2798 1214

75 2816 189 2898 18ῑο0
216 2839 320 2920 magis
344 2839 513 2923 magisque
535 2848 658 2920 metuo,
682 2862 777 2922 quom
803 2839 902 2900 verba
925 2836 1031 2899 audie.
1076 2837 1162 2900 Men.
1186 2836 1250 2899 254

73 2920 199 2999 quom
222 2939 360 3023 inspicio
384 2940 616 3025 marsuppium,
642 2941 789 3004 viaticati
807 2937 913 3002 hercle
930 2936 1107 3001 admodum
1123 2939 1249 3002 aestive

67 3018 222 3102 &ulnus
256 3039 353 3104 Poeu.
380 3042 407 3116 1,
431 3040 460 3120 2,
485 3042 518 3102 ll
553 3063 650 3124 quom
673 3053 821 3105 ornatum
847 3040 995 3125 adspicio
1018 3049 1162 3101 nostrum
1184 3061 1249 3101 arn-

66 3095 226 3219 barum,
249 3142 404 3226 paenitet.
437 3140 532 3225 Capt.
555 3142 595 3204 51
621 3141 806 3206 homunculi
830 3143 944 3226 quanti
967 3150 1051 3216 sunt,
1076 3163 1171 3225 quom
1196 3163 1247 3203 re·

63 3225 216 3326 Qssgito.
265 3241 352 3320 (Von
377 3243 457 3305 Brix
480 3245 687 3325 gastricheu.)
726 3245 822 3307 Mero.
848 3245 909 3305 742
932 3241 1102 3327 coquenda
1125 3253 1247 3305 cenast.

61 3325 191 3429 atqni
224 3365 321 3429 quom
351 3346 510 3426 recogito,
543 3344 637 3408 nobis
667 3343 880 3429 coquendast,
909 3367 972 3407 non
996 3344 1071 3428 quoi
1096 3344 1247 3407 conducti

62 3428 222 3512 ⁸¹¹¹nus.
269 3444 358 3507 Trin.
389 3445 449 3507 257
482 3447 561 3509 haec
590 3468 649 3529 ego
678 3468 773 3531 quom
804 3469 875 3509 cum
904 3447 1010 3508 auimo
1041 3467 1111 3510 meo
1134 3455 1248 3529 reputo

61 3543 134 3584 Χ
155 3569 262 3634 apage
286 3569 385 3628 amor,
411 3569 475 3610 non
499 3549 619 3632 places.
650 3549 713 3610 404
737 3570 832 3632 quom
856 3546 1036 3626 considero,
1060 3548 1246 3610 meminisse

60 3631 319 3712 νί(10011101.
358 3648 496 3713 1011561
525 3672 543 3712 a
567 3671 616 3711 me
639 3649 830 3734 insipienter
853 3649 974 3711 facturn
999 3669 1069 3709 esse
1093 3648 1245 3726 arbitror,

64 3738 195 3815 (111010
220 3771 290 3812 1010
314 3772 484 3832 cognosco.
531 3751 615 3813 Men.
644 3751 724 3813 1064
748 3751 834 3813 haud
857 3759 906 3813 est
929 3748 1112 3826 dissimilis,
1144 3770 1246 3810 meam

69 3843 196 3916 quom
228 3851 365 3915 sormam
394 3852 527 3914 noscito.
578 3851 697 3936 Amph.
726 3851 782 3913 441
817 3874 913 3936 quom
943 3850 1032 3912 illum
1063 3848 1247 3933 contemplo

73 3945 123 4002 et
153 3955 291 4018 formam
316 3975 474 4038 cognosco
499 3974 601 4015 meam
627 3991 662 3998 —
687 3953 782 4014 nimis
807 3953 937 4015 similist
960 3951 1033 4013 mei.
1064 3948 1246 4013 Aehnliche

78 4024 318 4140 Wenduugen
348 4055 435 4118 sirul:
475 4054 592 4118 Bacch.
623 4055 685 4116 449
714 4076 808 4138 quom
840 4053 933 4117 huius
965 4053 1053 4115 dictu
1081 4048 1245 4133 intellego.

82 4128 158 4250 {³97
182 4180 280 4244 quom
304 4179 365 4242 ogo
389 4158 488 4221 huius
514 4156 615 4218 verba
630 4157 836 4240 interpretor.
868 4152 952 4217 Rud.
970 4155 1030 4216 771
1055 4174 1151 4237 quom
1169 4173 1243 4214 cou-

96 4258 255 4323 moturum
278 4270 406 4344 egomet
429 4280 554 4321 mecum
578 4259 673 4320 facio.
719 4257 815 4319 Tmo.
839 4256 868 4335 2,
892 4257 921 4333 5,
944 4255 965 4317 4
987 4275 1148 4339 quomque
1172 4275 1242 4315 oam

10 4336 49 4596 x
101 4358 165 4421 lem
186 4360 219 4423 in
242 4360 342 4424 corde
366 4362 461 4445 agito.
501 4359 584 4424 Ter.
611 4358 767 4421 1100385
790 4380 884 4442 quom
909 4366 1000 4419 orata
1024 4356 1091 4417 eius
1116 4354 1244 4417 remini·

10 4485 12 4496 ¹
111 4465 186 4544 lter,
214 4484 339 4548 nequeo
366 4462 444 4547 quin
473 4463 657 4524 lacrunrem.
703 4460 766 4522 403
795 4457 956 4540 lacrumo,
996 4479 1079 4542 quae
1106 4456 1246 4540 posthac
