2948 4988
535 317 766 380 -537-

142 493 163 558 1
179 492 314 556 Verrem
331 525 372 536 -
386 493 606 572 cognoverant
627 494 706 568 tum,
727 505 800 547 curn
815 484 878 547 iste
895 480 1052 568 Cibyram
1076 487 1220 545 venerat.

142 593 265 656 Coum
288 592 350 654 iste
373 587 475 652 multe
497 588 593 672 signa
615 585 768 667 dederat,
797 607 893 670 quam
922 585 964 647 ob
992 604 1060 646 rcm
1087 602 1221 666 respon·

142 717 175 758 rs
196 715 261 756 non
284 691 466 767 videretur,
490 689 611 752 mentio
633 688 673 752 de
696 686 768 771 lege
790 685 880 751 nulla
900 686 1009 750 fiebat.
1048 684 1109 770 leg.
1132 685 1221 747 Man.

142 793 183 856 9.
216 791 302 876 legg.
332 792 368 872 3,
392 790 522 873 20,·48.
560 789 638 853 fam.
664 789 695 871 3,
718 789 747 868 ’1,
770 789 798 852 5.
836 790 905 853 Au.
931 790 979 871 11,
1005 788 1057 872 24,
1079 787 1110 850 2.
1156 784 1221 848 Un-

142 894 251 957 erist
272 916 303 980 p.
327 891 416 958 Cael.
438 891 489 974 27,
505 892 547 955 65
569 912 642 954 cum
663 891 730 954 iam
752 899 822 954 erat
843 890 973 954 tradita.
997 927 1035 936 -
1060 886 1223 952 Caelius

145 994 224 1060 Cic.
247 995 326 1059 tam.
347 994 379 1075 8,
402 992 438 1071 9,
454 992 485 1056 2.
511 1029 547 1039 —
572 991 665 1057 Noch
692 990 802 1055 klarer
828 991 901 1056 tritt
923 991 975 1055 die
1003 992 1076 1055 dem
1099 987 1223 1074 Imper-

166 1105 368 1182 eongruente
390 1093 586 1178 Bodeutung
608 1092 735 1158 solcber
750 1092 1074 1180 Plusquamperfecta
1095 1090 1225 1167 berver,

142 1221 176 1262 n
216 1197 336 1262 beide
374 1195 574 1282 Tempora
608 1197 643 1260 in
679 1195 898 1261 coordinirten
937 1193 1226 1281 Temporanatzen
1305 1259 1306 1263 Ἰ

142 1319 212 1364 ren:
237 1298 315 1364 Cic.
329 1320 362 1385 p.
379 1295 504 1364 sallao
527 1318 600 1360 cnm
615 1296 694 1360 mihi
716 1298 842 1381 patriae
857 1334 898 1344 —
914 1296 1068 1362 veniebat
1089 1297 1123 1360 in
1139 1319 1225 1361 men-

168 1412 298 1467 etcum
321 1437 359 1448 -
382 1399 466 1465 cinis
488 1400 613 1485 patriae
635 1397 761 1463 versari
788 1408 865 1463 ante
892 1398 1003 1464 oculos
1031 1409 1129 1486 atque
1157 1400 1225 1463 ani-

142 1524 168 1567 n
190 1502 347 1567 memoria
361 1500 517 1565 refricare
539 1511 701 1587 coeperat,
724 1511 793 1566 tum
809 1501 949 1587 denique
965 1502 1002 1565 oi
1024 1502 1227 1566 resistebam.

142 1604 242 1671 mlieb
265 1602 375 1691 parad.
396 1604 430 1686 4,
453 1603 493 1666 27
518 1624 583 1666 non
604 1603 706 1688 igitur
728 1615 798 1669 erat
823 1601 881 1667 illa
903 1612 972 1666 tum
994 1604 1131 1685 civitas,
1154 1624 1227 1666 cum

142 1725 174 1770 es
194 1707 229 1770 in
251 1728 293 1770 ea
313 1703 394 1769 nihil
422 1704 591 1788 valebant,
620 1726 692 1768 cum
715 1704 838 1770 iudicia
861 1704 1028 1789 iacebant,
1056 1726 1130 1770 cnm
1158 1726 1228 1769 mos

142 1809 207 1872 ‚rios
229 1805 407 1887 occiderat,
430 1824 502 1869 eum
527 1842 565 1852 -
589 1816 721 1871 senatus
743 1828 863 1871 nomen
883 1807 918 1872 in
940 1828 1007 1894 rep.-
1030 1830 1096 1873 non
1118 1818 1197 1872 crat.

171 1908 258 1974 Wcit
280 1906 421 1972 seltener
442 1907 486 1971 iat
508 1906 567 1972 das
590 1900 905 1996 Plusquamperlect,
929 1932 1023 1974 wenn
1046 1908 1101 1974 die
1116 1908 1230 1974 Hand-

142 2013 219 2094 1gin
240 2007 367 2095 Haupt·
390 2007 460 2072 und
474 2007 663 2074 Nebensatz
686 2010 894 2076 identisch
917 2011 972 2092 ist,
995 2011 1105 2076 indam
1124 2011 1231 2076 dieser

142 2131 184 2174 ion
205 2110 417 2176 erlautert.
455 2110 551 2176 Danu
572 2111 665 2196 giebt
678 2111 856 2178 Hoffmann
872 2111 904 2178 S.
924 2113 985 2177 105
1007 2136 1065 2178 aus
1089 2108 1231 2178 Cicero

142 2214 196 2279 r3
223 2209 362 2279 Stellen:
391 2234 422 2298 p.
451 2213 520 2277 Mil.
548 2212 590 2276 22
623 2215 772 2300 proxime
805 2213 884 2278 deos
919 2216 1058 2280 accessit
1085 2212 1230 2294 Clodius,

142 2315 220 2401 >pins
242 2335 340 2401 quam
362 2327 441 2393 tum,
458 2335 531 2379 cum
553 2314 596 2379 ad
618 2317 706 2400 ipsos
721 2325 917 2403 penetrarat.
950 2338 983 2401 p.
999 2314 1083 2382 Sest.
1102 2317 1141 2380 16
1162 2326 1232 2381 tum

142 2426 266 2498 narrt,
296 2436 370 2480 cum
393 2416 563 2481 -iurare
589 2416 745 2482 noluerat
787 2421 859 2483 Att.
880 2418 912 2498 3,
937 2419 1030 2497 18,1
1064 2427 1232 2506 exspecta·
1309 2421 1314 2431 '

142 2536 209 2582 nem
240 2516 335 2583 nobis
375 2540 440 2583 non
472 2538 608 2605 parvam
646 2519 816 2603 attuleras,
855 2541 928 2585 cum
963 2521 1141 2606 scripseras
1175 2531 1232 2587 ott.

142 2620 293 2685 merdam
315 2641 341 2687 s.
364 2628 465 2685 unten
487 2620 640 2686 Livius.
690 2674 693 2678 .

177 2720 318 2788 Caesar
340 2722 397 2786 bat
419 2742 489 2788 eom
504 2723 572 2788 *mit
586 2723 659 2787 dem
676 2722 782 2788 Indic.
805 2722 862 2787 des
879 2722 1012 2810 Plusqu.
1032 2746 1095 2789 nur
1116 2728 1131 2788 1
1149 2725 1233 2790 Mal:

151 2843 179 2907 g.
200 2825 231 2903 1,
254 2824 297 2888 35
324 2845 397 2888 cum
425 2827 489 2888 iam
518 2847 560 2890 ex
592 2825 655 2889 disi
683 2835 829 2911 tempore
857 2827 1077 2890 coniecturam
1105 2837 1236 2914 ceperat

158 2935 260 2991 castra
285 2935 489 3012 perventum,
512 2913 711 3013 —pontem
737 2928 870 2993 reficere
898 2929 1018 3013 coepit.
1062 2928 1120 2992 Bei
1148 2928 1235 2994 Sal·
1289 2988 1290 2991 ,

142 3034 179 3092 st
196 3050 256 3092 nur
276 3025 298 3089 2
320 3025 390 3091 Mal
411 3049 471 3091 zur
494 3027 728 3112 Bozeicbnung
754 3029 843 3093 einer
868 3028 1099 3095 wiederholten
1122 3029 1236 3094 Hand·

142 3146 185 3215 ig,
204 3152 230 3195 s.
252 3136 363 3194 unten.
400 3128 542 3214 virgil
561 3153 623 3195 nur
644 3132 727 3196 Aen.
750 3130 780 3210 5,
803 3129 846 3195 42
872 3140 1003 3218 postera
1030 3152 1103 3196 cum
1131 3134 1237 3219 primo

142 3225 207 3296 filas
227 3230 363 3297 Oriente
389 3229 522 3317 iugarat
546 3232 635 3296 clara
664 3232 750 3315 dies,
779 3233 884 3298 socios
907 3270 947 3279 -
970 3232 1121 3299 advocat.
1167 3236 1237 3299 Aus

142 3332 234 3398 sius
256 3330 389 3398 werden
412 3334 457 3396 im
473 3332 610 3399 Ganzen
625 3336 645 3399 6
660 3333 784 3400 Stellen
805 3333 1061 3419 nachgewiesen‚
1081 3337 1240 3401 eunachst

142 3432 180 3514 ei,
199 3454 248 3499 wo
270 3433 329 3499 der
350 3432 462 3499 Inbalt
482 3435 542 3500 der
560 3434 739 3520 Handlung
760 3437 795 3500 in
817 3434 943 3523 Haupt·
966 3438 1032 3502 und
1054 3437 1238 3503 Nebensatz
1337 3465 1343 3473 ·

147 3534 300 3602 ontiseb
322 3535 383 3600 ist:
416 3538 448 3616 5,
463 3538 549 3618 28,1
573 3534 730 3602 Camillus
752 3535 885 3601 meliore
906 3537 1008 3603 multo
1031 3539 1127 3604 laude
1142 3560 1239 3626 quam

142 3648 176 3700 m
199 3635 451 3723 triumphantem
479 3639 547 3704 albi
574 3661 633 3725 per
659 3638 773 3703 urbem
801 3648 964 3704 vexerant
991 3641 1240 3726 equi,-cu1n

159 3732 266 3806 urbem
287 3739 439 3806 redisset.
475 3741 594 3824 27,44‚
612 3743 640 3804 1.
672 3739 792 3823 44,10,
819 3742 846 3802 1.
884 3740 1017 3805 Sodann
1041 3741 1241 3826 vongleich·

142 3831 202 3926 ing
220 3840 414 3907 dauernden
434 3842 642 3908 Zuatenden:
676 3842 727 3918 26,
750 3840 803 3924 40,
829 3842 963 3905 licum
993 3843 1026 3905 in
1053 3841 1242 3906 civitatibus

142 3932 232 4008 deso
258 3943 321 4008 sub
349 3941 479 4029 legibus
496 3946 659 4009 'vixerant
680 3981 721 3989 —
744 3965 803 4029 per
830 3940 1000 4007 latrocinia
1026 3964 1065 4006 ac
1095 3945 1241 4030 rapinam

142 4028 272 4112 luentes
293 4045 407 4111 vitam.
452 4047 516 4111 Ein
538 4043 609 4110 Mal
631 4042 734 4108 bildet
756 4064 826 4108 cum
851 4045 914 4108 den
936 4043 1101 4108 Nachsatz
1129 4046 1164 4107 in
1185 4043 1243 4106 der

142 4138 296 4234 dumng
317 4149 429 4232 „soit“
450 4147 518 4213 und
534 4148 633 4211 daran
656 4144 760 4228 btngt
782 4144 853 4209 sich
873 4145 958 4211 noch
980 4166 1050 4210 aaut
1069 4146 1249 4211 inversuris,

142 4244 206 4334 rii,
224 4249 245 4315 3
266 4251 422 4336 permulti
444 4251 520 4315 anni
543 4250 608 4312 iam
631 4256 738 4330 erant,
763 4269 837 4310 cum
859 4250 944 4312 inter
965 4246 1119 4334 patricios
1141 4248 1244 4331 magi·

142 4343 223 4416 lotus
254 4352 468 4441 tribunosque
505 4348 596 4415 nulla
634 4349 812 4414 certamina
849 4349 993 4426 fucrant,
1026 4369 1099 4412 cum
1131 4371 1173 4412 ex
1207 4370 1245 4412 ea

142 4450 286 4520 ’1111-
308 4463 475 4522 certamen
497 4453 610 4517 oritur.
654 4450 872 4534 Dergleicbsn
895 4450 1021 4514 kommt
1043 4456 1136 4514 sonat
1155 4449 1248 4514 nicht

184 4564 305 4619 Dama,
319 4566 375 4610 htrt.
389 4567 479 4617 syntax
492 4564 531 4605 der
541 4550 588 4604 lat.
603 4560 651 4612 spi.
678 4560 711 4600 Π.
751 4586 760 4605 .
1064 4558 1097 4605 35
