2948 4988
513 311 865 375 .,,·-666-

178 504 257 547 cura
279 481 485 568 suscipiatur.
523 480 564 544 de
579 479 660 544 or.3
677 481 707 562 ξ.
724 480 784 544 171
807 477 1032 546 collocationis
1055 488 1106 544 est
1127 500 1320 565 componere

176 582 280 650 verba
301 585 359 662 sic,
381 593 418 647 ut
439 603 523 647 neve
543 620 586 630 —
608 604 699 649 neve.
735 581 813 650 fam.
839 584 866 661 1,
882 581 912 665 9,
931 583 971 646 19
992 591 1067 668 peto
1090 604 1112 646 a
1133 591 1168 646 te
1191 591 1230 647 ut
1250 582 1283 648 id
1303 605 1321 646 a

176 708 228 749 me
249 706 335 750 neve
349 688 385 750 in
398 683 460 751 hoe
478 707 534 750 reo
555 707 639 750 neve
661 686 696 749 in
718 684 790 749 aliis
813 686 969 770 requiras.
1006 683 1047 749 In
1069 684 1177 748 eincm
1194 685 1320 750 Senam·

176 787 361 857 beschluss:
385 788 428 851 ad
450 789 520 854 Att.
537 791 566 871 5,
582 789 633 867 21,
652 789 691 851 12
712 797 749 852 ut
769 808 854 852 neve
876 786 1064 853 Salaminiis
1087 808 1174 853 neve
1197 789 1255 874 qui
1277 790 1321 853 eis

176 888 330 971 dedisset,
353 888 463 954 fraudi
486 899 581 954 esset.
619 889 895 955 Gesetzentwuri':
920 888 1008 974 legg.
1030 889 1061 974 2,
1081 889 1112 968 8,
1132 889 1171 953 19
1194 910 1321 976 separa-

175 992 233 1055 tim
256 1014 351 1059 uemo
374 992 521 1057 habessit
535 991 613 1057 deos
629 1013 713 1056 neve
727 1013 829 1058 novos
846 1012 930 1056 neve
951 991 1097 1055 advenas
1112 991 1179 1056 nisi
1194 991 1322 1078 publice

173 1092 329 1158 adscitos.
373 1097 404 1175 ξ.
428 1094 468 1158 67
491 1116 562 1159 eam
584 1116 623 1160 tte
644 1096 716 1181 quis
739 1092 834 1159 uobis
855 1094 983 1158 minuat
1007 1114 1091 1158 neve
1114 1095 1214 1159 vivus
1242 1114 1322 1158 neve

174 1206 330 1261 mortuus.

259 1297 319 1362 Bei
342 1297 494 1362 Caesar
516 1298 536 1361 2
558 1297 626 1362 Mal
649 1297 716 1363 und
739 1320 827 1364 awar
853 1298 938 1364 ohne
958 1296 1251 1389 vorauigehendes
1271 1303 1320 1362 ut:

15 1387 18 1391 ⁵
83 1432 87 1437 ·
175 1401 206 1467 b.
221 1422 254 1485 g.
272 1401 301 1484 7,
320 1401 369 1482 14,
386 1399 489 1464 9und
505 1401 535 1465 b.
552 1423 579 1464 c.
598 1404 626 1483 1,
643 1401 693 1483 76,
711 1384 739 1465 l.
776 1402 871 1466 Doch
894 1400 1018 1466 lrtinnte
1038 1422 1117 1464 man
1138 1422 1184 1465 sn
1206 1401 1320 1466 beiden

173 1501 297 1567 Stellen
319 1503 377 1568 das
394 1511 479 1567 erate
499 1524 561 1569 nea
582 1501 685 1567 durch
700 1507 782 1569 eine
803 1501 967 1586 erklttren,
988 1501 1118 1586 freilich
1141 1512 1247 1569 etwas
1266 1525 1318 1588 ge·

173 1626 342 1689 zwungen.
365 1641 406 1652 -
429 1603 525 1670 Fehlt
545 1604 599 1669 bei
622 1602 754 1670 Sallust.

258 1705 344 1769 Liv.
366 1706 420 1787 30,
443 1707 495 1788 37,
517 1707 539 1769 4
563 1705 682 1771 bellum
703 1729 787 1772 neve
809 1707 843 1770 in
866 1707 981 1772 Africa
1002 1728 1086 1772 neve
1111 1716 1209 1773 extra
1230 1707 1315 1771 Afri·

171 1828 242 1871 cam
264 1845 306 1855 -
328 1818 488 1893 gererent.

257 1909 456 1974 Ausserdem
478 1910 610 1975 werden
637 1933 698 1974 nur
726 1909 809 1975 noch
839 1910 920 1975 arrei
942 1910 1201 1977 Dichterstellcn
1223 1935 1316 1999 ange·

171 2011 279 2078 fuhrt:
303 2012 394 2077 Hor.
416 2033 447 2080 a.
471 2037 503 2098 p.
528 2012 677 2077 189'und
700 2011 900 2077 Claudian
922 2034 1009 2078 cons.
1032 2013 1119 2079 Hon.
1143 2015 1219 2080 278.

254 2116 284 2180 3.
313 2114 400 2180 Neve
423 2117 477 2196 (=
500 2118 611 2197 utne)
633 2116 677 2179 im
693 2114 854 2197 Anfang
877 2115 966 2178 einer
987 2114 1129 2182 Periode
1150 2117 1237 2182 wir-d
1257 2140 1314 2182 nur

171 2240 228 2281 aus
253 2215 359 2282 Ovid
382 2215 508 2302 belegt:
538 2227 615 2282 met.
641 2219 673 2296 1,
698 2217 739 2281 72
760 2239 824 2281 neu
846 2218 940 2302 regio,
962 2217 1049 2282 foret
1069 2217 1138 2282 ulla
1160 2220 1231 2284 suis
1251 2220 1313 2282 ani·

169 2317 337 2384 mantibus
360 2320 448 2399 orba,
472 2329 563 2385 astra
583 2329 696 2385 tenent
711 2317 851 2383 caeleste
866 2317 980 2383 solum.
1016 2319 1047 2399 2,
1062 2320 1127 2384 482
1148 2342 1234 2387 neve
1247 2341 1313 2407 pre·

169 2443 223 2486 ees
246 2423 427 2486 animos-
448 2416 590 2500 flectant,
613 2443 709 2508 posse
731 2420 820 2508 loqui
843 2420 990 2506 eripitur.
1027 2418 1122 2486 Eben
1146 2444 1185 2486 so
1198 2423 1229 2503 4,
1244 2421 1312 2486 800.

171 2526 219 2605 14,
241 2524 314 2593 473,
356 2523 423 2587 her.
449 2522 499 2604 18,
524 2523 580 2587 191
606 2545 688 2587 neve
710 2533 805 2608 putes
827 2532 883 2588 ctt.
921 2530 982 2589 art.
1005 2543 1068 2586 am.
1091 2523 1123 2604 3,
1148 2523 1212 2589 757
1233 2545 1311 2589 neve

168 2623 226 2689 diu
247 2646 418 2711 praesume
440 2624 551 2710 dapes.

252 2728 282 2791 4.
319 2727 366 2791 Et
384 2749 424 2792 nc
450 2736 531 2792 statt
557 2748 633 2792 tteve
658 2726 760 2790 findet
788 2727 857 2791 sich
886 2725 962 2790 sehr
988 2736 1151 2791 aerstreut
1173 2728 1208 2791 in
1230 2726 1317 2791 allen.

168 2829 362 2895 Zeitaltern:
388 2829 488 2894 Cato
510 2851 533 2892 r.
552 2852 576 2892 r.
597 2831 612 2892 1
636 2829 685 2893 uti
708 2851 748 2892 ne
764 2865 804 2874 -›
820 2851 954 2893 neve—
972 2838 1005 2891 et
1026 2851 1066 2893 ne
1091 2830 1171 2894 satis
1194 2829 1309 2893 habeas

167 2930 267 2996 semel
289 2932 470 2996 circumire.
514 2931 557 2995 46
579 2941 611 2994 et
633 2933 680 2995 uti
703 2953 744 2994 ne
766 2932 863 2993 nimis
886 2928 981 3015 longe
1003 2932 1131 2995 semina
1154 2954 1196 2997 ex
1218 2933 1308 2997 semi·

166 3035 258 3097 nario
280 3035 439 3097 ferantur.
476 3033 544 3097 Cic.
569 3031 621 3097 off.
640 3035 654 3094 l
675 3036 704 3114 ξ.
721 3032 763 3095 89
784 3054 826 3095 ne
846 3034 949 3095 maior
970 3054 1077 3118 poena
1098 3055 1197 3119 quam
1219 3034 1309 3119 culpa

166 3135 209 3198 sit
231 3143 264 3197 et
286 3157 326 3198 ne
349 3145 405 3200 ctt.
445 3134 606 3199 Dasselbe
630 3138 659 3216 ξ.
686 3135 754 3197 129.
794 3144 875 3199 orat.
896 3138 927 3215 ξ.
943 3135 1003 3198 221
1028 3145 1064 3198 ut
1088 3145 1121 3199 et
1144 3174 1181 3184 -
1207 3146 1239 3200 et
1260 3156 1307 3199 ne.

167 3234 276 3299 deor.
303 3237 319 3299 1
344 3239 375 3317 ξ.
400 3235 564 3300 132111υά
591 3236 722 3321 assequi
749 3245 886 3321 possunt
913 3245 951 3299 ut
975 3273 1010 3283 -—
1035 3246 1068 3301 et
1090 3247 1127 3301 ut
1149 3259 1191 3301 ne
1215 3235 1305 3301 dedc-

165 3346 247 3403 ceat.
292 3337 450 3403 Dieselbe
472 3338 648 3423 Satafolge,
676 3337 738 3401 wie
760 3337 843 3402 Cato
866 3359 890 3400 r.
914 3359 940 3400 r.
966 3339 995 3417 1,
1019 3339 1076 3402 hat
1097 3339 1184 3402 Liv.
1206 3339 1256 3419 43,
1277 3339 1305 3418 2,

168 3439 207 3503 12
228 3462 269 3504 ne
291 3439 427 3505 haberet
451 3478 489 3487 -
512 3461 595 3503 neve
618 3449 750 3524 cogeret
774 3477 810 3486 —
835 3448 868 3501 et
890 3459 930 3502 ne
953 3438 1109 3525 praefecti
1131 3440 1166 3502 in
1191 3437 1305 3527 oppida

165 3565 226 3606 sua
247 3541 289 3605 ad
313 3542 467 3628 pecunias
490 3540 653 3627 cogendas
675 3543 928 3627 imponerentur.
972 3541 1061 3605 Tac.
1085 3542 1115 3606 h.
1139 3544 1177 3623 4,
1203 3543 1242 3606 14
1262 3551 1304 3605 at·

164 3643 316 3708 tollerent
346 3655 472 3708 tantum
500 3643 609 3709 oculos
637 3653 670 3707 ct
696 3644 805 3706 inania
831 3640 996 3726 legionum
1025 3647 1160 3708 nomina
1185 3665 1226 3708 ne
1252 3663 1302 3730 pa·

163 3756 344 3811 vescerent.
390 3747 481 3810 Aber
502 3745 593 3810 nicht
615 3746 669 3810 bei
692 3744 803 3809 Justin
829 3743 877 3821 12,
899 3745 968 3824 5,5
990 3745 1106 3830 (jetztt
1130 3766 1246 3810 verens
1266 3765 1353 3808 ne=

163 3883 202 3893 -
226 3845 283 3932 et).
328 3847 436 3911 Lact.
458 3849 495 3930 4,
521 3849 568 3931 17,
592 3848 611 3911 8
633 3855 789 3911 renovate
816 3845 983 3909 intervos
1010 3848 1192 3912 novitatem
1214 3858 1246 3911 et
1265 3866 1353 3908 ιβ

162 3948 402 4013 seminaveritis
424 3951 458 4011 in
485 3950 597 4035 spinis.

245 4051 274 4117 5.
307 4049 414 4115 Daftir
437 4049 523 4114 steht
544 4072 583 4117 ac
603 4073 642 4116 ne
664 4061 731 4115 crat
753 4052 797 4114 im
819 4049 985 4114 silberuen
1007 4050 1141 4118 Latein:
1164 4051 1250 4115 Tac.
1270 4048 1288 4112 h
1305 4090 1353 4106 .-

160 4153 189 4233 2,
212 4153 263 4217 34.
286 4154 318 4235 3,
341 4154 393 4217 46.
427 4175 510 4224 ,aun
538 4154 587 4235 15,
613 4153 705 4217 1911.
731 4153 783 4216 64.
829 4153 935 4218 Suet.
959 4152 1047 4218 Nero
1072 4155 1120 4218 17.

244 4254 275 4319 6.
309 4254 356 4319 Et
376 4277 440 4319 nott
462 4257 506 4318 im
530 4254 728 4340 Sptttiatein:
758 4256 867 4319 Lact.
889 4254 1001 4341 4,,17,
1024 4253 1045 4318 8
1072 4277 1114 4319 ne
1142 4265 1236 4320 exeat
1254 4255 1351 4317 irs·

160 4376 232 4418 mea
254 4358 340 4421 sicut
361 4358 446 4442 ignis
471 4367 504 4421 et
525 4367 642 4422 exurat
661 4367 694 4420 et
708 4378 773 4421 non
789 4358 832 4421 sit
847 4357 904 4443 qui
926 4357 1109 4441 extinguat.
1147 4358 1222 4444 opis.
1239 4358 1263 4437 1,
1288 4351 1336 4413 1

159 4468 195 4521 ut
219 4468 251 4522 et
272 4496 313 4506 -
335 4481 448 4523 nosses
470 4469 504 4523 et
525 4483 590 4526 non
614 4459 760 4524 deessem
785 4458 857 4524 tibi.
