2948 4988
497 342 726 406 -715n-

142 534 183 576 en
206 510 464 577 verschiedenen
486 512 666 578 Zeitaltern
695 511 784 576 sind:
814 511 915 577 Cato
945 534 997 598 ap.
1021 510 1106 577 Gell.
1132 513 1180 592 11,

142 614 257 679 ferrum
280 615 309 677 si
332 634 501 696 exerceas,
525 615 719 696 conteritur3
743 616 769 678 si
792 635 856 677 non
880 634 1049 697 exerceas,
1072 624 1181 678 tamen

142 737 156 780 o
184 716 356 781 interficit:
388 714 520 781 Plaut.
550 739 603 802 ap.
632 715 717 781 Gell.
747 716 782 799 3,
804 717 842 797 3,
865 715 886 779 8
915 715 1044 802 peribo,
1067 717 1094 780 si
1117 738 1181 781 non

142 843 163 901 ι,
186 820 214 882 si
237 818 325 896 faxo,
350 816 523 904 vapulabo.
553 818 673 904 Amph.
696 817 759 881 438
782 817 853 902 quis
877 838 937 902 ego
959 839 1031 882 sum
1054 816 1181 898 saltem,

142 943 160 983 n
186 942 257 984 snm
287 919 418 985 Sosia?
434 919 526 1004 (lapt.
553 919 603 983 81.
633 920 728 983 Asin.
756 919 828 984 248.
860 917 976 982 Pseud.
1000 919 1063 983 286
1090 917 1181 1006 quid,

142 1044 160 1085 n
187 1019 314 1086 habui?
349 1021 435 1085 Rud.
463 1021 527 1085 569
556 1031 588 1087 et
616 1022 643 1084 si
672 1030 750 1085 sunt
776 1021 859 1085 etsi
887 1043 953 1087 non
975 1031 1060 1086 sunt.
1090 1021 1180 1088 Tria.
1230 1025 1232 1029 ’

145 1133 194 1188 661
216 1124 245 1187 61
267 1145 332 1187 non
356 1123 443 1188 dicto
467 1122 602 1187 audiens
619 1135 678 1205 est,
704 1122 781 1209 quid
799 1123 884 1207 ago?
914 1123 1001 1187 Ter.
1018 1123 1102 1189 Eun.
1118 1123 1182 1188 639

142 1224 170 1288 rd
192 1246 257 1289 non
279 1225 372 1303 licet,
394 1225 504 1290 saltem
526 1226 588 1290 hoc
610 1223 734 1289 licebit.

142 1328 205 1392 lic.
229 1325 323 1391 Verr.
342 1327 369 1404 1,
388 1327 427 1390 10
449 1327 526 1413 quid
550 1338 609 1405 est,
632 1348 763 1413 quaeso,
786 1327 941 1391 iudicium
965 1348 1181 1413 corrumpere,

142 1450 223 1493 ¹non
238 1426 312 1492 est?
340 1426 387 1511 ll,
405 1432 432 1507 1,
447 1429 490 1493 48
512 1428 592 1514 quid
608 1438 667 1507 est,
691 1428 778 1515 quod
793 1427 925 1514 planum
948 1428 1017 1493 fieri
1040 1428 1180 1493 testibus

150 1577 160 1611 ,
189 1530 217 1593 si
245 1530 307 1595 boc
335 1552 399 1595 non
421 1527 482 1594 fit?
511 1530 547 1614 2,
575 1530 618 1594 40
646 1552 687 1593 ne
710 1541 778 1595 turn
801 1530 933 1617 quidem
956 1541 989 1595 te
1011 1531 1130 1617 potuit,
1153 1531 1181 1595 si

142 1631 272 1714 delatis,
295 1638 330 1696 at
352 1630 467 1697 salutis
490 1642 565 1722 tuae
588 1633 671 1696 ratio
694 1631 736 1695 ad
763 1630 908 1696 officium
935 1631 1116 1697 reducere?
1151 1634 1181 1716 3,

142 1755 196 1798 ron
218 1737 352 1816 virtute,
376 1756 441 1799 non
462 1734 636 1817 industria,
659 1756 725 1799 non
744 1735 938 1817 innocentia,
961 1757 1027 1800 non
1049 1735 1182 1822 pudore,

142 1834 303 1900 rudicitia:
332 1841 367 1900 ut
394 1857 561 1919 sermone,
580 1836 625 1900 'at
652 1837 787 1918 litteris,
816 1845 850 1902 at
875 1838 1079 1903 humanitate
1112 1839 1182 1902 eius

142 1938 258 2001 amini.
288 1959 320 2023 p.
342 1936 414 2002 Mil.
439 1939 478 2001 12
501 1940 528 2002 si
552 1960 616 2003 non
638 1938 882 2019 adiuvantibus,
905 1945 940 2004 at
954 1940 1182 2005 coniventibus

155 2033 240 2103 Phil.
264 2039 296 2120 7,
318 2039 339 2102 2
362 2041 390 2103 si
412 2061 476 2104 non
499 2038 652 2126 optabili,
682 2050 717 2104 at
738 2043 922 2106 necessario
945 2051 1112 2127 tempore.
1134 2042 1182 2122 13,

142 2162 195 2205 ron
217 2139 329 2224 libere,
351 2151 386 2205 at
407 2152 511 2206 tamea
526 2151 608 2206 tuto.
639 2141 715 2211 fam.
739 2142 767 2221 9,
790 2143 821 2224 6,
845 2144 866 2207 3
888 2166 961 2207 cum
983 2165 1050 2229 spe,
1074 2145 1182 2209 sinon

142 2265 177 2324 a,
205 2252 240 2307 at
263 2242 373 2330 aliqua
394 2249 499 2309 tamea
522 2244 646 2308 vivere.
676 2244 730 2308 off.
756 2246 791 2324 1,
817 2245 852 2307 11
878 2247 992 2309 sinon
1015 2247 1181 2332 optimam,

142 2365 235 2432 qnam
256 2344 503 2431 rempublicam.
534 2344 610 2409 fam.
633 2345 664 2428 6,
688 2345 740 2428 22,
763 2346 784 2408 2
806 2347 834 2409 61
856 2369 922 2411 non
936 2367 1041 2432 aequo
1063 2331 1181 2428 animo,

142 2449 177 2511 ai
205 2447 303 2510 feras.
340 2446 375 2525 9,
404 2447 442 2528 8,
470 2447 491 2510 2
520 2448 548 2511 61
575 2470 638 2511 non
668 2446 768 2531 bono,
796 2455 830 2512 at
850 2449 962 2513 saltem
984 2458 1073 2513 certo
1095 2451 1183 2512 statu

142 2549 190 2616 tis.
215 2586 252 2595 —-
278 2546 362 2613 Phil.
386 2549 473 2632 12,8
496 2548 640 2613 dolore'm
662 2549 886 2627 iustissimum,
908 2551 939 2614 si
961 2572 1024 2614 non
1048 2559 1182 2637 potuero

142 2671 204 2728 ere,
234 2648 415 2715 occultabo.
452 2650 504 2714 off.
535 2653 567 2731 1,
598 2651 638 2714 10
667 2652 694 2714 si
722 2650 911 2738 Neptunus,
941 2652 1028 2737 qnod
1054 2651 1181 2717 Theseo

143 2761 248 2835 serat,
280 2774 345 2816 non
367 2752 500 2817 fecisset
521 2763 577 2819 ctt.
608 2750 693 2837 legg.
720 2754 793 2835 1,7
824 2754 851 2817 ai
883 2754 944 2817 hoc
966 2775 1030 2817 non
1052 2753 1182 2841 probas,

161 2854 255 2919 nobis
278 2875 377 2919 causa
400 2853 559 2919 ordienda
581 2864 638 2921 est.
670 2855 705 2932 3,
732 2855 770 2918 13
793 2856 911 2941 quibus
935 2855 984 2934 id,
1008 2855 1095 2919 situ
1117 2877 1182 2919 non

142 2979 169 3033 s,
191 2979 256 3022 non
280 2954 402 3021 liceret.
432 2956 510 3021 lam.
527 2957 558 3038 4,
576 2956 605 3039 7,
620 2956 641 3019 2
657 2957 684 3019 61
709 2957 795 3020 vinci
821 2956 964 3041 dignitas
982 2979 1047 3022 non
1063 2967 1182 3044 potest,

159 3064 238 3124 certe
266 3068 299 3122 et
326 3058 455 3126 abiecti.
490 3060 544 3138 15,
571 3058 628 3137 21,
656 3060 678 3121 4
705 3059 831 3123 ferreus
856 3081 976 3141 essem,
1008 3061 1035 3123 si
1063 3069 1096 3123 te
1118 3081 1183 3123 non

142 3182 186 3225 m.
222 3182 253 3246 p.
284 3160 380 3224 domo
408 3160 449 3224 28
472 3159 616 3224 ostendit
638 3182 697 3224 nec
719 3172 807 3226 stare
835 3163 982 3248 potuisse
1011 3183 1127 3246 remp,
1154 3161 1183 3224 si

142 3282 183 3325 on
205 3261 358 3345 fuissem,
389 3283 449 3327 nec
472 3261 617 3327 futuram
641 3284 711 3327 esse
734 3261 850 3343 ullam,
875 3262 902 3326 si
925 3285 990 3327 non
1012 3262 1182 3328 redissem.

144 3363 334 3430 esonderem
358 3363 605 3428 Nachdruck
628 3373 706 3428 statt
729 3366 810 3429 nasi:
833 3365 902 3440 Att.
929 3366 978 3443 11,
1001 3364 1036 3446 9,
1064 3368 1076 3427 1
1100 3386 1183 3452 quae

142 3475 288 3530 ressent
310 3466 463 3549 effectae,
494 3467 607 3531 liceret
629 3466 709 3530 mihi
732 3467 832 3530 abire.
884 3467 941 3530 Bei
969 3464 1183 3551 Verneinung
1292 3538 1297 3543 ,

150 3567 366 3632 einzelnen
389 3567 596 3653 Begriffes
620 3568 664 3631 im
689 3566 799 3632 Satze:
827 3568 940 3656 Rosa.
965 3589 1047 3632 com.
1071 3569 1120 3651 12,
1141 3569 1182 3634 37

147 3690 207 3755 ego
230 3668 380 3756 pluribus
404 3670 515 3735 verbis
537 3671 767 3756 amplecterer,
798 3671 825 3733 si
856 3692 919 3734 non
948 3671 1015 3734 alia
1044 3671 1184 3734 certiora

142 3773 230 3836 riora
252 3773 440 3837 testimonia
461 3773 494 3837 in
518 3794 616 3836 causa
642 3771 807 3835 haberem.
852 3772 925 3835 Den
950 3772 1182 3855 Gegensata

142 3871 286 3938 rbebend
308 3875 368 3939 mit
388 3873 648 3957 Wiederholung
670 3872 841 3938 desselben
859 3875 1036 3936 Verbums:
1061 3893 1128 3959 rep.
1152 3874 1183 3955 3,

142 3975 187 4040 od
210 3975 240 4039 si
261 3974 387 4058 fecerit,
411 3977 553 4063 sapiens,
577 3974 745 4039 sedidem
769 3974 890 4058 malus,
920 3977 946 4037 si
970 3996 1034 4036 non
1057 3973 1182 4051 fecerit,

144 4125 153 4158 ,
177 4077 235 4142 sed
258 4077 347 4142 idem
370 4076 489 4142 stultus
512 4078 555 4141 sit
577 4100 708 4142 necesse
731 4088 791 4143 est.
839 4074 1029 4161 Elliptiscb:
1052 4074 1128 4138 fam.
1154 4078 1182 4153 1,

142 4178 251 4244 ihaec
272 4180 391 4244 civitas
417 4190 475 4257 est,
498 4181 602 4243 civem
626 4201 697 4243 esse
720 4202 780 4257 me,
804 4179 928 4255 sinon,
951 4178 1078 4241 exulem
1103 4199 1182 4240 esse.

142 4303 189 4344 lus
218 4280 363 4347 anderen
391 4282 536 4346 Antoren
566 4289 717 4366 geniigen
746 4282 871 4363 wenige
898 4279 1041 4343 Proben:
1072 4277 1182 4346 Caes.

157 4384 194 4467 3,
217 4384 259 4448 73
287 4385 314 4448 61
343 4406 407 4449 non
435 4387 543 4449 omnia
570 4387 692 4449 cadunt
718 4381 877 4460 secunda,
907 4382 1040 4446 fortuna
1062 4391 1112 4445 est
1134 4383 1181 4444 in-

144 4485 398 4569 asubleranda.
432 4485 528 4550 Bell.
547 4485 629 4550 Afr.
644 4487 688 4550 45
709 4484 848 4549 forsitan
871 4485 934 4547 isto
955 4493 1065 4548 uterer
1087 4482 1182 4547 bene·

978 4586 1032 4638 46*
