2948 4988
618 328 846 393 -614-

163 495 219 575 14,
241 496 283 558 42
307 496 341 559 in
363 493 476 558 eadem
501 505 577 560 sunt
600 496 775 578 iniustitia,
802 505 840 559 ut
867 493 894 557 si
923 493 956 556 in
984 515 1077 558 suoru
1105 515 1174 558 rem
1201 493 1321 558 aliena

160 598 381 680 convertant.)
411 594 502 660 acad.
524 596 556 680 2,
578 596 618 662 27
642 607 679 663 ut
702 599 729 662 si
751 593 894 681 vigilans
916 595 1055 661 audiret.
1087 593 1177 660 Lael.
1202 595 1249 678 16,
1261 583 1331 659 59

160 700 209 763 ita
235 719 346 762 amare
374 707 523 783 oportere
551 708 588 763 nt
616 701 645 764 si
671 697 846 786 aliquando
876 706 962 761 esset
991 718 1119 762 oaurus.
1150 695 1191 761 de
1219 717 1263 761 or.
1293 690 1338 755 l

161 803 192 881 ξ.
218 799 278 864 130
304 808 341 863 ut
368 801 396 864 si
423 837 459 847 —
489 821 588 865 causa
610 812 771 887 ageretur.
795 802 837 866 de
858 808 923 886 opt.
946 820 1021 883 gen.
1042 799 1074 882 4,
1099 798 1139 861 10
1160 807 1197 863 ut
1217 799 1245 862 si
1272 829 1350 847 --

161 899 354 964 diceremus.
385 900 463 964 fam.
485 900 521 980 2,
552 901 592 965 14
614 903 683 967 eius
705 904 875 988 negotium
895 901 942 966 sio
968 900 1069 965 velim
1090 901 1252 986 suscipias
1271 909 1357 964 tn

163 1003 190 1067 si
214 1011 300 1066 esset
321 1023 372 1065 res
396 1023 477 1066 moa.
508 1002 538 1083 7,
555 1003 637 1082 20,1
663 1005 712 1069 ito
734 1001 984 1069 desiderabatur
1005 1014 1043 1067 ut
1065 1003 1094 1066 si
1117 1011 1207 1067 esset
1226 1024 1297 1066 uma
1315 1025 1356 1068 s

163 1104 306 1168 euobis.
334 1141 372 1150 -
397 1104 455 1167 Bai
479 1104 632 1168 Cacsar
654 1106 719 1171 und
743 1105 904 1171 Sallust
926 1103 1017 1168 nicht
1032 1102 1235 1184 sorbendam
1258 1103 1357 1172 bei

79 1211 81 1215 ’
161 1205 257 1271 Livi
268 1227 310 1270 us
333 1203 420 1270 wohl
442 1226 504 1269 nur
518 1206 572 1287 22,
587 1206 638 1286 50,
656 1206 675 1270 9
691 1229 819 1292 agmon,
835 1216 872 1271 ut
889 1207 917 1271 si
932 1204 1017 1271 nibil
1031 1206 1152 1284 obstet,
1168 1205 1357 1276 disicias.

166 1305 227 1387 (Er
248 1305 430 1392 gebraucht
452 1317 543 1371 sonst
564 1308 646 1373 velut
665 1309 694 1373 si
716 1309 794 1373 oder
814 1309 916 1391 uelut)

249 1409 309 1473 Bei
332 1407 500 1473 Tacitus
522 1431 585 1473 nur
606 1410 665 1473 mit
688 1408 762 1474 dem
778 1409 977 1497 Conjunotiv
1001 1407 1059 1473 dea
1076 1407 1211 1495 Imperi.
1232 1405 1356 1480 oder

162 1508 496 1597 Plusquamperfects:
521 1512 551 1575 h.
576 1513 610 1593 1,
634 1512 685 1576 32.
709 1512 760 1576 62.
793 1535 867 1578 ann.
889 1512 926 1594 2,
948 1510 1001 1575 20.
1024 1510 1062 1593 3,
1084 1509 1138 1574 40.
1181 1509 1349 1581 Audet-s

162 1611 210 1675 ist
229 1610 305 1676 dial.
331 1613 370 1676 10
397 1621 433 1677 ut
461 1613 490 1676 si
518 1613 552 1676 in
580 1613 721 1679 Graecia
747 1625 843 1680 natus
866 1635 954 1678 esses
983 1611 1082 1697 („wie
1105 1634 1135 1676 a.
1157 1613 1196 1676 B.
1219 1633 1343 1683 wenn

162 1711 253 1795 du“).
293 1712 470 1779 Dieselben
501 1712 664 1815 Tempora
692 1716 745 1780 bei
773 1716 920 1804 Nepos:
947 1715 1004 1797 10,
1027 1713 1064 1791 9,
1086 1713 1120 1778 2.
1145 1713 1199 1790 14,
1221 1713 1256 1790 3,
1291 1718 1335 1788 ’2.

163 1835 213 1900 cp.
242 1817 289 1895 ll,
313 1816 343 1879 3.
368 1816 417 1894 17,
440 1814 470 1894 4,
493 1815 522 1880 2.
546 1837 596 1902 cp.
619 1816 650 1901 6,
676 1820 691 1881 1
715 1840 746 1881 u.
762 1815 1092 1883 t-Abweiehend
1114 1815 1149 1879 in
1172 1814 1228 1879 der
1248 1812 1331 1882 Be-

162 1916 329 2002 deutung:
360 1916 465 1981 Suet.
496 1916 561 1982 Tit.
585 1919 602 1983 7
631 1917 791 1984 abstinuit
819 1919 924 1984 alieno
952 1926 990 1983 ut
1017 1917 1046 1981 si
1072 1919 1146 2004 quis
1169 1937 1322 2002 unquam

165 2019 262 2102 („wie
285 2040 347 2081 nur
365 2019 402 2104 je
424 2018 560 2105 einer“).

249 2120 280 2183 3.
310 2119 400 2185 Volat
420 2122 450 2184 ai
472 2121 550 2185 oder
572 2122 654 2187 uelut
674 2120 782 2187 allein.
827 2120 947 2186 Beides
970 2120 1062 2185 dient
1084 2141 1143 2184 aur
1157 2119 1306 2184 Baaeiclr·

163 2243 253 2306 nung
276 2222 365 2285 eines
388 2221 542 2306 fingirten
560 2223 770 2308 Vergleiches
792 2222 874 2288 noch
897 2223 989 2287 nicbt
1009 2224 1054 2287 im
1071 2220 1225 2287 Altlatein
1238 2219 1299 2285 und

163 2324 216 2388 bei
247 2323 378 2401 Cicero,
416 2324 502 2388 dann
536 2325 615 2389 aber
648 2326 758 2390 Caes.
781 2324 813 2391 b.
837 2346 867 2410 g.
891 2325 925 2403 1,
947 2324 990 2389 32
1020 2322 1112 2390 velut
1143 2325 1171 2388 si
1200 2340 1291 2387 coram

163 2425 305 2493 adesset.
345 2410 442 2490 Fehlt
469 2426 520 2491 bei
549 2425 686 2508 Sallust,
716 2425 799 2491 wird
827 2424 907 2490 aber
934 2423 1048 2511 haufig
1076 2425 1130 2491 bei
1152 2424 1287 2498 Livius,
1353 2414 1355 2421 ’

163 2528 323 2592 aunachst
344 2528 427 2593 uelut
447 2530 492 2592 ai:
517 2530 547 2609 1,
564 2529 606 2593 56
630 2528 719 2592 velut
742 2529 769 2591 si
793 2526 964 2615 prolapsus
987 2528 1168 2612 cecidisset,
1188 2535 1281 2591 terram

162 2629 273 2692 osculo
295 2629 442 2714 contigit.
473 2629 525 2711 21,
548 2629 568 2694 8
591 2653 623 2694 u.
645 2631 697 2694 41.
720 2629 771 2713 23,
794 2631 814 2694 9
836 2654 866 2698 u.
893 2631 940 2698 18.
963 2630 1015 2709 25,
1038 2630 1090 2695 38.
1116 2628 1169 2709 28,
1183 2625 1226 2692 32.
1241 2619 1279 2697 29»

164 2731 216 2793 28.
258 2731 365 2794 Dafiir
394 2729 482 2794 bloss
504 2733 603 2796 veltet:
625 2732 662 2813 2,
687 2733 728 2796 36
751 2736 858 2819 coepti
880 2731 956 2797 inde
978 2730 1064 2811 ludi,
1089 2730 1178 2794 velut
1196 2749 1228 2791 ea
1242 2741 1278 2785 τοι

165 2831 246 2896 nihil
270 2833 312 2895 ad
336 2831 527 2917 religionem
552 2835 771 2919 pertinuisset.
800 2836 835 2912 2,
863 2835 903 2898 41
927 2857 958 2898 ιι.
982 2833 1035 2898 50.
1057 2834 1118 2914 24,
1141 2833 1169 2898 5.
1196 2830 1239 2901 31,
1257 2823 1274 2883 l·

164 2934 214 3010 35,
241 2934 290 2998 14.
314 2934 366 3013 39,
393 2937 441 2997 11.
463 2934 515 3014 40,
541 2936 579 2998 12
603 2936 669 2999 und
693 2937 785 3001 lister.
821 2936 991 3000 Letzteres
1015 2933 1099 3000 auch
1122 2934 1172 2998 bei
1193 2931 1276 3016 Spllt

29 3046 35 3055 ·
165 3055 231 3112 ren,
255 3035 317 3098 wie
341 3035 452 3101 Curt.
476 3038 504 3116 8,
531 3038 558 3114 l,
580 3038 620 3101 31
646 3059 679 3135 v.
700 3038 861 3124 patienter
883 3037 1022 3105 audiret.
1052 3036 1131 3101 Tac.
1154 3035 1181 3098 b.
1202 3031 1226 3108 3,
1240 3021 1274 3089 83·

164 3134 295 3221 Nepos
322 3137 369 3215 13,
393 3139 422 3215 3,
445 3136 467 3200 4
489 3162 519 3203 v.
544 3140 576 3202 in
600 3161 660 3203 sua
682 3162 778 3203 manu
802 3151 886 3205 esset
907 3139 1039 3204 fortuna
1062 3127 1262 3218 (Heusinger)-

249 3240 279 3304 4.
302 3238 392 3302 Sicut
413 3249 494 3303 statt
509 3243 602 3321 quusi
617 3239 720 3305 findet
736 3241 806 3304 sich
829 3240 929 3305 ohne
954 3239 1149 3303 besonderes
1166 3234 1276 3300 verbum

163 3340 290 3404 finitum
313 3363 401 3404 zwar
424 3341 522 3404 achon
548 3341 599 3406 bei
623 3341 748 3421 Cicero,
772 3345 833 3408 wie
856 3367 884 3406 z.
907 3343 946 3406 B.
970 3342 1012 3404 de
1034 3342 1101 3406 inv.
1117 3341 1147 3421 2,
1162 3340 1181 3404 3
1198 3327 1276 3402 cabil

163 3439 304 3505 divorsis
328 3440 455 3507 duabus
469 3445 553 3507 sicut
567 3444 710 3509 farniliis.
741 3443 819 3507 fam.
830 3444 860 3523 5,
877 3443 906 3524 8,
922 3445 943 3506 4
960 3465 1011 3508 me
1025 3481 1065 3490 —
1079 3444 1163 3509 sicut
1174 3439 1277 3506 altonul¹

165 3553 332 3627 parentem
357 3554 389 3607 et
411 3543 564 3610 observat
587 3557 619 3610 et
640 3545 758 3632 diligit.
797 3546 859 3611 lllit
874 3545 947 3610 dam
964 3545 1210 3632 Conjunctiv
1224 3537 1280 3602 aber

164 3645 248 3709 habe
283 3647 335 3710 iob
365 3668 398 3710 os
426 3668 488 3711 nur
516 3648 569 3711 bei
598 3647 754 3712 Sallust
780 3646 961 3733 gesunden:
990 3646 1063 3712 Cat.
1092 3648 1131 3712 31
1159 3669 1182 3710 s.
1202 3634 1281 3721 iurgl⁰

164 3745 334 3812 lacessitus
359 3746 452 3812 foret.
480 3749 531 3830 38,
555 3750 586 3813 3.
609 3749 688 3834 Jug.
711 3751 762 3828 60,
785 3750 816 3812 4.
860 3750 923 3814 lllit
946 3748 1018 3812 dem
1042 3748 1212 3834 Supinum:
1228 3739 1284 3805 011·

164 3849 205 3912 28
229 3872 253 3917 s.
277 3849 454 3914 salutatum
479 3852 622 3915 introire.

248 3954 279 4016 5.
301 3951 411 4017 Uober
433 3955 543 4035 quasi,
566 3953 648 4018 velut
669 3976 700 4016 u.
724 3974 754 4016 a.
777 3954 837 4016 mit
859 3951 1041 4017 causales
1067 3953 1244 4030 Bedeutung
1259 3958 1289 3999 ⁸·

249 4156 278 4220 6.
303 4154 400 4219 Aucb
422 4177 485 4239 ceto,
510 4155 660 4220 wort'uber
683 4156 803 4221 bereits
827 4158 861 4220 in
877 4159 906 4236 ξ.
927 4157 1003 4239 517,
1024 4157 1045 4221 6
1067 4150 1229 4243 gehandclt
1239 4144 1295 4244 1⁸23

165 4257 292 4322 kommt
313 4267 393 4322 statt
415 4259 510 4339 quasi
534 4278 602 4339 vor,
627 4267 739 4322 auerst
761 4255 812 4322 bei
837 4258 988 4343 Virgil,
1008 4258 1130 4347 jedoch
1152 4276 1209 4321 nur
1220 4252 1296 4312 21⁰¹

164 4359 247 4424 Mal:
277 4362 359 4424 Aen.
387 4360 424 4440 2,
453 4359 516 4424 438
545 4381 605 4423 ceu
633 4369 741 4424 cetera
769 4381 929 4445 nusquam
953 4359 1043 4424 bella
1065 4360 1179 4425 forent.
1207 4351 1239 4417 0.
1255 4338 1296 4413 3,

167 4462 228 4524 194
249 4484 307 4526 ceu
330 4461 413 4526 liber
436 4461 581 4525 habenis.
628 4459 789 4525 thnlicb
814 4462 865 4526 bei
889 4462 1016 4527 Silius
1045 4462 1111 4527 und
1139 4453 1294 4527 Statius·

1349 4606 1352 4617 ι
