2924 4994
605 287 832 350 -248-

237 454 363 520 Plane
390 455 508 520 Bacch.
532 455 593 518 188
616 455 729 519 orabat
749 492 789 502 -—
812 465 849 519 ut
873 454 975 520 fieret.
1023 455 1103 518 1111
1127 463 1159 517 16
1182 473 1242 518 oro

154 579 205 620 me
226 558 314 623 intro
338 558 491 621 abducas.
535 556 622 619 Ter.
645 555 749 619 Andr.
772 556 802 638 3,
825 556 855 636 3,
879 557 941 620 150
968 564 1092 641 patrem
1121 555 1185 619 huc
1208 576 1275 623 ort

151 672 188 724 ut
209 661 331 723 veniat.
365 657 420 722 Pl.
444 657 563 721 Bacch.
587 656 650 721 689
671 678 731 741 ego
751 667 876 742 patrem
898 658 1035 722 eamaoi.
1079 656 1152 722 GH.
1174 655 1275 724 Neu:

152 746 229 846 ergo
256 758 320 825 hoc
347 769 384 824 ut
411 760 543 824 faceret.
596 761 665 823 Ans
688 757 880 822 Naevius:
910 758 998 844 quod
1029 768 1080 841 16,
1114 759 1160 821 mi
1190 779 1275 844 gna

154 882 267 943 quaeso
289 870 326 925 ut
348 861 381 924 in
397 870 510 947 pectus
533 872 625 925 tuum
648 859 813 924 demittas.
858 860 912 923 Pl.
936 858 1054 925 Bacch.
1072 859 1154 923 1019
1177 882 1275 947 quau

152 973 189 1027 ut
212 972 262 1027 661
283 961 404 1026 habeas
427 961 471 1025 id.
516 963 604 1030 Ter.
628 960 693 1026 Ad.
716 961 747 1043 2,
769 960 799 1038 4,
827 963 860 1023 11
893 960 971 1027 1666
994 983 1116 1048 quaeso
1138 971 1177 1025 ut
1198 961 1275 1029 ista

152 1065 356 1151 prohibeant.
401 1063 456 1128 Pl.
480 1062 669 1144 (1161.4,2,
696 1062 753 1126 101
784 1064 904 1128 obscero
926 1072 963 1127 nt
984 1061 1115 1129 reddas.
1159 1060 1275 1128 Rud.

151 1168 183 1249 2,
207 1168 245 1230 21
271 1177 305 1231 61
328 1187 387 1250 ego
410 1176 444 1229 te
466 1187 524 1251 per
547 1186 643 1228 crura
664 1175 697 1227 61
720 1163 805 1229 16166
835 1174 1026 1251 tergumque
1054 1167 1188 1248 opesor
1208 1173 1275 1230 tu·

143 1307 194 1354 ¹—
222 1280 259 1333 nt
292 1268 335 1331 mi
370 1269 454 1331 istuc
489 1267 580 1330 11666
614 1269 725 1351 negoti
754 1265 833 1351 quid
861 1269 914 1336 sit.
950 1288 981 1332 v.
1005 1265 1047 1330 26
1074 1275 1106 1330 16
1135 1265 1250 1351 digna

93 1452 96 1458 .
154 1372 309 1434 eveniant
324 1390 447 1452 precor.
492 1367 591 1433 Poen.
614 1369 645 1447 5,
671 1368 741 1453 1,8
768 1368 845 1432 deos
875 1367 1017 1454 deasque
1043 1388 1175 1433 oenaor
1195 1402 1252 1414 -·

153 1471 239 1556 quod
263 1471 398 1534 demea
426 1492 461 1533 re
490 1469 554 1533 hue
576 1470 668 1554 6661,
696 1469 758 1533 rite
788 1471 943 1533 venerim.
987 1467 1049 1533 Ala
1071 1468 1219 1532 Verbum
1256 1490 1275 1531 c

152 1574 318 1638 Bittens
341 1573 385 1636 161
406 1572 489 1635 auch
512 1572 626 1635 amabo
647 1592 690 1635 an
712 1569 881 1656 folgender
902 1569 1004 1635 stelle
1026 1593 1067 1633 au
1091 1570 1275 1635 betrachte

148 1673 329 1738 111666.
358 1673 391 1754 4,
413 1672 443 1754 4,
468 1671 508 1735 19
536 1672 633 1736 immo
661 1673 778 1737 amabo
806 1681 842 1736 61
869 1672 929 1735 hos
957 1670 1026 1736 1166
1055 1671 1183 1759 aliquos
1210 1671 1275 1736 sin

153 1798 227 1840 eum
249 1797 320 1840 6666
343 1773 433 1860 apud
454 1795 515 1838 me.
559 1776 656 1838 Cato
678 1797 704 1838 r.
727 1797 753 1838 r.
787 1774 846 1837 142
876 1773 989 1836 eadem
1018 1774 1068 1838 uti
1097 1781 1189 1838 curet
1217 1772 1275 1837 fa«

152 1886 248 1963 atque
263 1896 381 1942 moneo.
418 1875 506 1939 Ter.
529 1875 633 1940 Andr.
649 1875 730 1958 prol.
747 1875 788 1939 22
803 1887 839 1940 61
860 1876 1031 1960 quiescant
1052 1897 1150 1962 porro
1172 1890 1275 1939 moue

152 1978 293 2043 Hortari
313 1982 349 2042 61
369 1976 452 2041 wird
475 1999 533 2041 666
556 1977 639 2041 alter
661 1978 736 2041 Zeit
758 2001 820 2042 nur
842 1978 908 2043 ein
930 1976 998 2042 Mal
1020 1974 1212 2062 angefiihrt:
1236 1965 1275 2038 1⁵

153 2078 220 2143 mil.
240 2079 321 2143 1189
344 2078 432 2143 illam
455 2078 639 2143 hortabitur
661 2088 697 2142 ut
712 2087 766 2142 661
781 2101 929 2166 propere.
967 2078 1087 2143 Bacch.
1103 2078 1166 2142 643
1187 2096 1265 2141 6666

155 2219 196 2229 -
219 2182 353 2264 compuli
382 2190 415 2244 et
438 2180 579 2264 6666611,
614 2179 659 2242 mi
687 2181 795 2245 omnia
824 2191 861 2245 ut
888 2179 1047 2245 crederet.
1093 2176 1230 2265 (Impone
1250 2192 1275 2229 ⁴

153 2282 234 2348 wird
268 2282 361 2347 nieht
394 2304 454 2348 vor
486 2281 600 2346 Cicero
630 2282 804 2367 erwahnt.)
854 2282 1002 2346 Ennius
1032 2281 1116 2349 Eub,
1150 2281 1238 2365 irgm.

152 2387 286 2450 6661661
307 2384 449 2449 Saturno
471 2388 507 2447 at
528 2382 568 2446 de
591 2404 692 2466 regno
712 2404 777 2448 noro
799 2383 956 2448 concedat
977 2383 1084 2448 fratri.
1112 2381 1275 2446 ΧΡ1.’1(·6’

153 2488 184 2570 2,
205 2487 238 2567 3,
261 2487 282 2549 9
304 2484 420 2562 suade,
450 2485 515 2548 iam
544 2481 831 2550 61661161666611.
882 2483 1152 2549 0666118161.
1183 2479 1275 2547 Imbr‘

153 2589 250 2672 frgrn.
273 2588 293 2652 3
317 2586 395 2650 mibi
419 2586 516 2651 surdo
539 2585 714 2650 dormitum
737 2585 854 2651 suadet
880 2595 917 2650 ut
945 2607 1038 2653 eam..
1072 2585 1126 2649 Pl.
1149 2584 1239 2648 Troo
1260 2584 1275 2596 ”

153 2690 182 2768 2,
207 2690 247 2752 98
270 2691 500 2773 metuebatque
523 2697 570 2769 16,
602 2687 668 2751 sibi
696 2708 737 2750 ne
766 2699 822 2752 aut
849 2688 1056 2770 persuaderes
1077 2696 1114 2751 ut
1134 2684 1275 2750 abortiat

154 2813 285 2876 operam
315 2789 408 2854 daret
436 2810 615 2874 puerumve
647 2797 684 2851 61
717 2799 876 2853 enecaret.
929 2788 1030 2854 Stich.
1062 2788 1121 2853 128
1150 2784 1275 2852 (611111

154 2898 295 2957 arcatores
316 2896 390 2955 6661
411 2893 507 2956 amisi
528 2900 564 2954 ut
592 2913 649 2954 666
678 2888 754 2954 hinc
781 2889 943 2954 abducam
972 2889 1115 2955 domum.
1167 2883 1275 2954 Aule

154 2995 184 3074 2,
210 2995 249 3057 13
271 3002 385 3056 auctor
407 3015 477 3056 sum
501 2992 689 3077 imperoque
711 3003 748 3056 ut
769 3029 811 3039 —
833 2989 930 3056 loces.

205 3115 209 3126 ·
240 3095 326 3159 Dass
342 3092 403 3158 alle
420 3094 509 3158 diese
525 3093 798 3158 Constructionen
814 3093 874 3157 mit
888 3097 925 3157 61
938 3093 1021 3158 auch
1037 3093 1071 3156 in
1094 3094 1157 3158 den
1173 3090 1275 3176 folget

156 3197 218 3260 166
234 3196 396 3259 Perioden
412 3194 470 3258 der
480 3194 662 3258 Litteratur
677 3194 730 3259 116
741 3195 1041 3259 vorherrschcnden
1056 3195 1143 3276 sind,
1160 3191 1275 3260 166661

156 3297 245 3361 nicht
268 3296 377 3382 belcgt
400 3320 441 3360 zu
463 3295 604 3361 werden.

240 3402 269 3479 ξ.
292 3399 364 3463 396.
412 3397 575 3465 Wollen.
613 3397 678 3462 Die
701 3399 837 3462 Rection
861 3398 968 3463 dieser
983 3397 1097 3462 Verba
1118 3398 1163 3462 161
1184 3397 1275 3461 imma

158 3501 379 3565 schwankend
402 3500 584 3586 gehlieben.

249 3601 339 3666 Velle.
381 3602 510 3666 Plaut.
535 3599 717 3665 116661611
745 3610 782 3664 61
809 3600 863 3664 1116
885 3611 918 3666 16
940 3600 1160 3666 6116616616.
1195 3599 1275 3664 Mer·

155 3703 218 3766 560
241 3712 278 3766 61
300 3703 380 3767 mihi
403 3704 493 3767 aedis
517 3701 643 3789 aliquas
667 3700 828 3767 conducat
854 3701 940 3768 volo.
985 3702 1106 3767 Pseud.
1134 3703 1195 3767 321
1217 3695 1275 3787 qui

155 3826 242 3868 6666
264 3805 338 3870 vis?
372 3801 440 3866 CA.
465 3803 510 3868 Ut
525 3804 695 3888 opperiare
717 3804 775 3868 hos
792 3826 849 3869 sex
873 3804 953 3868 dies.
987 3803 1085 3868 Most.
1102 3803 1166 3867 142
1180 3799 1275 3867 velte·

156 3914 192 3969 ut
223 3916 258 3969 16
287 3905 400 3969 661166.
446 3903 529 3968 1161.
557 3907 588 3986 4,
611 3907 641 3986 6,
668 3905 717 3969 13.
761 3905 858 3968 Truc.
887 3905 917 3982 2,
944 3904 1052 3984 4,18.
1092 3904 1190 3991 Epid.
1211 3903 1275 3986 3,·

155 4008 194 4070 21
219 4000 360 4071 66116.
398 4007 545 4070 066611.
568 4006 740 4071 Statius:
764 4006 978 4071 6116666166
1001 4004 1087 4089 6611,
1110 4005 1197 4092 quod
1218 4004 1275 4069 for

155 4109 329 4191 potaveris.
367 4108 494 4171 Terens
517 4107 600 4170 wird
623 4108 713 4172 nicht
734 4107 919 4192 angefiihrt.
935 4144 976 4154 -
991 4106 1089 4172 Auch
1111 4107 1170 4172 der
1190 4105 1275 4172 blosu

156 4211 353 4295 Conjunctiv
369 4210 494 4272 kommt
510 4230 583 4291 666,
607 4209 668 4272 wie
683 4211 716 4272 in
739 4208 823 4272 allen
840 4209 967 4273 Zoitcn.
1006 4208 1096 4273 Weit
1118 4200 1275 4293 gebrtiuel

155 4311 256 4374 licher
280 4332 388 4374 waren
411 4310 489 4373 aber
512 4311 611 4374 sehon
634 4310 667 4372 in
696 4309 754 4373 der
782 4308 869 4373 61166
893 4310 968 4374 Zeit
997 4309 1052 4373 die
1074 4308 1275 4375 Infinitivoor

155 4413 370 4494 structionen,
393 4411 588 4475 namentlich
613 4411 670 4475 der
685 4414 801 4475 Aecus.
818 4433 845 4478 6,
861 4411 918 4473 161.
934 4449 975 4459 -
995 4410 1035 4474 16
1056 4411 1117 4476 der
1131 4409 1275 4497 Folgeae
