2948 4988
657 348 693 357 -
729 308 802 374 '595
847 347 884 357 -

199 476 307 544 dicam
333 517 369 528 -
395 500 554 566 exponam
578 477 672 544 vobis
695 487 750 544 ott.
796 480 835 543 In
864 479 1017 543 auderem
1044 479 1349 564 Zusammeuhange

199 580 361 648 ebenialls
389 580 450 646 auf
474 580 527 645 die
555 580 704 647 Zukunft
731 580 946 645 hinweisend:
981 579 1044 665 leg.
1076 603 1142 665 agr.
1172 582 1202 665 2,
1230 582 1283 667 20,
1306 584 1348 649 53

199 690 329 770 aute-q.
353 682 462 750 veniat
484 682 518 745 in
539 683 688 765 Pontum,
714 683 840 748 litteras
869 683 910 746 ad
935 683 993 747 Gn.
1018 683 1208 770 Pompeium
1233 684 1347 748 mittet.

283 784 377 850 Sall.
407 784 478 850 Ost.
506 785 528 848 4
555 805 658 870 pauca
691 784 781 870 prius
815 783 1024 870 explananda
1052 793 1127 848 suut
1158 807 1188 871 q.
1218 786 1347 851 initium

196 888 355 952 narrandi
378 885 506 952 faciam.
799 959 801 962 ,

283 989 370 1052 Liv.
393 988 446 1068 22,
469 987 520 1067 39,
544 989 564 1053 6
585 1009 672 1052 nunc
695 1009 823 1073 quoque
845 987 970 1070 consul,
993 1011 1041 1074 pr.
1059 1012 1088 1075 q.
1113 997 1220 1052 castra
1234 987 1347 1053 videat

197 1095 258 1153 aut
278 1089 416 1175 hostem,
439 1090 572 1158 insanit.
608 1090 658 1169 23,
683 1089 714 1170 3,
738 1089 758 1153 6
781 1089 836 1154 sed
861 1090 951 1176 prius
974 1126 1012 1137 —-
1037 1090 1232 1176 cooptabitis
1255 1111 1285 1176 q.
1307 1088 1348 1153 de

194 1191 300 1255 noxio
322 1191 520 1278 supplicium
542 1200 699 1256 sumatur.

284 1292 463 1379 Capitol.
488 1290 576 1358 Clod.
600 1293 677 1361 Alb.
703 1295 714 1356 l
741 1315 790 1379 pr.
814 1316 845 1379 q.
870 1294 1038 1358 disseram.

283 1393 485 1481 Lamprid.
509 1393 608 1458 Diad.
633 1396 649 1458 l
674 1417 770 1479 quam
793 1394 965 1480 epistolam
989 1417 1038 1481 pr.
1062 1417 1091 1480 q.
1116 1397 1272 1484 intexam.

284 1494 317 1560 b.
340 1496 410 1560 Der
432 1496 528 1582 Conj.
544 1495 602 1560 des
619 1495 804 1561 Perfects
827 1496 885 1562 hat
908 1498 1073 1561 entweder
1096 1496 1143 1561 als
1166 1496 1253 1561 Pers.
1269 1496 1348 1581 logi·

181 1613 274 1660 cum
295 1596 393 1662 finale
416 1597 614 1681 Bedeutung
644 1596 723 1661 oder
755 1597 857 1682 httngt
886 1621 948 1664 von
978 1600 1081 1663 eiuem
1106 1598 1264 1662 Praesens
1294 1598 1346 1676 ab,

175 1691 254 1759 das
271 1698 346 1764 eine
362 1697 579 1765 Gewohnheit
594 1697 786 1763 bezeichuet
804 1698 884 1765 oder
899 1698 987 1765 steht
1001 1700 1035 1763 in
1056 1699 1230 1765 indirecter
1244 1698 1346 1763 Rede.

285 1824 315 1866 α.
338 1798 379 1864 In
402 1799 570 1866 finalem
592 1799 709 1866 Sinne:
734 1800 860 1866 Plaut.
881 1803 947 1870 mil.
973 1801 1055 1866 1095
1078 1799 1166 1866 nullo
1191 1822 1231 1866 ea
1252 1810 1348 1888 pacto

165 1905 307 1974 potest
329 1901 419 1988 prius
443 1925 463 1968 a
485 1903 591 1967 mein
613 1902 703 1967 aedis
721 1903 822 1990 recipi
844 1928 874 1990 q.
890 1903 978 1968 illam
996 1903 1197 1968 obmiserim.
1227 1902 1346 1968 Bacch.

164 1993 251 2063 174
289 2026 330 2067 ne
357 2001 553 2070 Nicobulum
582 2028 633 2070 me
661 2006 748 2070 sinas
771 2043 812 2052 -
835 2005 925 2092 prius
948 2004 1123 2071 convenire
1146 2027 1177 2092 q.
1200 2003 1345 2070 sodalem

159 2094 347 2170 viderim.
393 2103 493 2192 Epid.
518 2108 553 2188 l,
578 2108 611 2186 1,
634 2107 675 2172 66
703 2107 781 2194 quia
808 2116 934 2194 patrem
961 2107 1051 2193 prius
1080 2107 1257 2172 convenire
1280 2128 1345 2172 non

159 2197 259 2266 volt
297 2229 400 2293 neque
429 2228 464 2271 se
492 2207 675 2294 conspicari
703 2229 800 2294 quarn
829 2207 862 2272 id
892 2217 1062 2293 argentum
1094 2246 1133 2254 --
1164 2207 1347 2272 dinumera·

128 2372 139 2398 ·
161 2302 297 2371 verit.
341 2309 438 2376 Poen.
462 2309 492 2392 4,
515 2310 546 2391 2,
571 2310 612 2374 86
635 2311 725 2396 prius
748 2310 923 2395 disperibit
950 2310 1029 2374 faxo
1052 2333 1081 2396 q.
1106 2332 1203 2374 uuam
1226 2309 1348 2374 calcem

162 2396 325 2475 civerit,
371 2410 477 2475 Caes.
502 2412 532 2476 b.
557 2433 590 2496 g.
612 2413 642 2492 3,
668 2412 707 2476 18
731 2435 794 2477 uon
817 2412 906 2497 prius
933 2448 968 2460 -·
987 2411 1157 2477 dimittunt
1178 2434 1208 2499 q.
1232 2411 1346 2476 abhis

167 2496 215 2562 sit
248 2532 465 2578 eoncessum.
502 2513 587 2577 Liv.
603 2514 635 2594 5,
651 2514 681 2597 4,
706 2513 744 2577 10
767 2515 794 2578 si
817 2536 882 2579 non
905 2519 980 2578 aute
1003 2514 1206 2579 abscedimus
1230 2536 1260 2601 q.
1278 2512 1348 2601 spei

171 2617 331 2678 nostrae
352 2613 450 2679 finem
473 2615 734 2701 imposuerimus,

180 2797 188 2811 .
283 2719 317 2797 β.
349 2715 410 2781 Als
438 2715 667 2780 indirecter
694 2716 813 2781 Modus
844 2739 958 2802 wegeu
985 2717 1074 2782 eines
1102 2716 1348 2783 Potentialis

180 2819 217 2864 ¹¹1¹
248 2811 484 2904 Hauptsatze:
509 2816 565 2884 Pl.
582 2817 683 2881 Mero.
702 2819 761 2882 155
784 2818 848 2883 iam
872 2841 921 2904 pr.
937 2842 968 2903 q.
993 2819 1052 2882 sim
1078 2817 1240 2904 eloqutus,
1264 2819 1347 2881 scias

184 2901 207 2965 δί
224 2919 380 2984 mentiri
404 2918 513 2984 velim.

283 3044 316 3103 y.
348 3021 399 3085 Iru
423 3021 607 3085 Nebensatz
638 3018 697 3082 der
723 3021 951 3086 indirecteu
981 3023 1103 3087 lledc:
1134 3023 1214 3087 Cic.
1236 3023 1291 3086 fin.
1315 3021 1345 3101 5,

186 3101 214 3187 ²>
234 3115 276 3181 4
306 3144 411 3210 neque
441 3122 483 3186 ad
510 3122 670 3207 hospitem
697 3130 773 3186 aute
801 3122 983 3188 devertisse
1011 3146 1108 3210 quam
1132 3161 1173 3173 ·-
1196 3123 1345 3188 viderim.

188 3201 298 3288 Eleu
318 3247 355 3292 so
378 3216 472 3292 Sall.
496 3223 574 3308 Jug.
596 3223 627 3305 4,
653 3223 673 3288 6
695 3225 763 3288 und
785 3225 868 3291 Liv.
891 3224 943 3305 42,
965 3225 1017 3305 52,
1044 3228 1093 3291 14.

289 3325 317 3392 d.
350 3326 434 3391 Eine
456 3325 677 3392 Gewohuheit
704 3326 787 3390 wind
811 3324 1017 3394 bezeichuet:
1046 3327 1137 3392 Tac.
1162 3328 1203 3394 G.
1231 3328 1268 3392 13
1292 3327 1349 3391 sed

187 3427 296 3491 “mla
316 3449 444 3492 sumere
466 3449 532 3492 uon
552 3436 629 3490 aute
651 3428 803 3513 cuiquam
826 3428 924 3492 moris
947 3450 978 3515 q.
997 3428 1112 3493 civitas
1137 3430 1347 3494 suffecturum

187 3516 399 3595 probaverit.
433 3551 507 3595 auu.
527 3531 574 3611 15,
591 3530 631 3593 74
654 3527 750 3592 deum
773 3528 878 3594 honor
899 3531 1040 3617 principi
1062 3551 1127 3595 non
1149 3540 1224 3595 ante
1246 3529 1347 3594 habe-

118 3708 120 3713 ,
187 3621 230 3675 ²¹¹1
270 3651 308 3717 q.
330 3653 429 3716 agere
452 3632 537 3696 iuter
559 3631 705 3695 homiues
728 3629 871 3694 desierit.
916 3629 1058 3696 Celsus
1081 3632 1112 3715 6,
1134 3632 1166 3696 4.

118 3738 120 3745 “
290 3754 313 3799 ε.
346 3733 386 3797 Iu
408 3734 497 3799 einer
513 3733 760 3798 Definition:
784 3731 862 3797 Cic.
879 3732 983 3796 inv.2
1006 3737 1035 3815 ξ.
1054 3733 1116 3798 160
1138 3733 1346 3819 providentia

189 3826 245 3899 Μ»
284 3857 343 3922 per
365 3856 461 3923 quam
484 3835 630 3900 futurum
652 3833 776 3921 aliquid
798 3832 929 3898 videtur
950 3856 978 3898 a.
1002 3857 1032 3920 q.
1055 3835 1179 3899 factum
1201 3835 1254 3898 sit.

288 3958 315 4002 c.
345 3936 677 4024 DerConjuuctiv
701 3935 758 4000 des
775 3934 1022 4022 Imperfeots
1045 3934 1172 4000 kommt
1193 3937 1237 4000 im
1259 3933 1346 3998 alten

194 4014 319 4103 lateii
338 4061 401 4105 nur
423 4040 475 4104 ein
492 4036 558 4102 Mal
580 4035 627 4103 als
650 4038 827 4102 indirector
842 4037 961 4103 Modus
978 4058 1052 4102 vor:
1076 4036 1175 4102 Cato
1191 4059 1242 4122 ap.
1260 4033 1345 4100 Gell.

200 4119 241 4204 lb
263 4132 335 4223 8,4
358 4140 431 4228 quis
455 4138 599 4228 perpulit
613 4147 649 4204 ut
671 4139 704 4204 id
722 4139 953 4221 committeres,
979 4137 1078 4224 quod,
1100 4160 1150 4225 pr.
1168 4161 1196 4224 q.
1212 4135 1346 4216 faceres,

204 4232 328 4308 tutem
350 4252 388 4308 ut
409 4243 641 4328 ignosceretur.
671 4243 768 4306 Auch
784 4240 838 4306 bei
854 4241 968 4306 Cicero
985 4240 1069 4307 habe
1084 4239 1136 4305 ich
1153 4239 1206 4304 die
1222 4236 1346 4303 directe

212 4324 452 4430 hbbangigkeit
480 4344 539 4408 des
567 4343 687 4410 Modus
716 4342 807 4408 nicht
837 4344 1001 4422 hemerkt,
1029 4361 1280 4426 auagenommen
1302 4340 1347 4404 im

216 4426 321 4509 lmalen
334 4446 568 4512 Verhttltnisse.
582 4484 622 4493 -
638 4446 685 4510 lm
704 4445 841 4533 librigeu
856 4447 901 4510 ist
912 4445 970 4511 der
981 4442 1157 4511 (lebrauch
1168 4439 1348 4529 folgenden
