2948 4988
539 350 686 416 -755
740 389 768 399 -

142 521 313 584 istruction
333 518 539 586 nachweisen
562 519 705 592 kbnnen.
751 518 806 585 Sie
828 519 940 605 folgan
962 521 1034 584 hier
1056 522 1090 586 in
1113 521 1225 608 alpha·

145 620 244 685 sober
267 620 439 707 Ordnung.
474 622 543 688 Ab:
565 623 594 702 3,
611 623 662 706 61,
680 622 719 686 13
742 621 868 705 Sabini,
891 620 933 686 ab
956 644 991 686 re
1014 623 1122 708 priore
1138 644 1224 689 anno

142 743 162 786 6
191 729 288 807 gesta
315 721 449 787 feroces.
492 722 655 789 Dasselbe
677 725 706 804 5,
728 723 782 805 28,
807 726 833 788 7.
863 723 916 807 23,
938 723 989 802 36,
1014 723 1044 787 2.
1077 725 1125 806 10,
1148 725 1178 808 5,
1202 727 1223 788 2

154 822 199 888 ab
229 833 364 910 accepta
390 847 494 909 nuper
521 825 623 889 clade.
660 824 969 910 Zeitbestimmung:
1000 823 1038 908 6,
1072 827 1153 906 1,.1
1183 825 1226 890 ab

142 924 214 989 11116
236 927 316 990 urbe
338 926 452 991 Roma.
483 928 534 1009 32,
557 926 608 1008 28,
631 927 651 991 5
673 926 714 991 ab
737 926 868 992 decreto
891 925 1102 993 Macedonico
1125 926 1223 994 bello.

142 1027 216 1091 Ad:
239 1027 275 1111 2,
297 1027 355 1110 23,
379 1030 397 1092 7
421 1026 462 1092 ad
486 1026 566 1094 baec
589 1028 661 1092 visa
683 1028 858 1115 auditaque
887 1028 1010 1094 clamor
1033 1030 1144 1094 oritur.
1174 1030 1227 1113 21,

145 1128 171 1192 3
195 1130 238 1193 ad
260 1149 313 1192 cas
336 1139 538 1215 conspectas.
570 1130 884 1216 Zeitbestimmung:
908 1131 1226 1216 6,1,1adeapram

142 1230 217 1295 dem
240 1230 389 1313 (urbem).
419 1231 470 1309 25,
494 1231 546 1313 39,
572 1233 609 1296 17
633 1253 736 1317 usque
758 1232 801 1295 ad
823 1233 991 1297 incensum
1014 1230 1224 1319 Capitolium.

142 1331 246 1398 Ante:
268 1331 299 1415 2,
322 1332 375 1416 49,
400 1333 440 1397 12
462 1342 538 1398 ante
561 1332 737 1398 deductum
752 1333 907 1399 Cremera
928 1333 1110 1399 Romanum
1132 1355 1226 1419 prae-

144 1455 212 1498 um.
243 1434 274 1518 3,
300 1435 348 1512 15,
372 1435 392 1499 3
414 1445 490 1499 ante
513 1435 648 1500 Sacrum
670 1445 813 1500 montem
837 1445 1041 1524 occupatum.
1078 1437 1107 1517 5,
1130 1435 1225 1520 25,7

142 1557 154 1599 a
169 1545 362 1620 conceptum
377 1546 501 1602 votum.
520 1575 558 1585 -
573 1536 629 1603 Ea
642 1536 723 1603 wird
741 1536 873 1603 1111111611
895 1539 958 1602 wie
973 1539 1014 1604 ab
1029 1538 1228 1623 gebraucht:

142 1639 187 1715 17,
213 1639 227 1700 1
253 1639 429 1703 transierat
452 1660 494 1703 ex
510 1638 714 1725 („nufolgc“)
736 1662 770 1704 re
794 1638 876 1704 bene
898 1650 993 1726 gesta
1015 1642 1169 1727 superbia
1184 1640 1226 1704 ad

142 1761 224 1825 [uos.
261 1738 311 1818 27,
340 1739 397 1819 45,
428 1742 448 1804 5
476 1739 600 1825 gloriae
629 1763 671 1804 ex
699 1762 734 1805 re
762 1741 845 1805 bene
872 1763 904 1827 g.
933 1753 1047 1828 partae
1074 1743 1226 1808 fructum.

158 1842 217 1919 41,
241 1840 261 1903 2
290 1862 331 1904 ex
354 1863 417 1926 quo
440 1842 529 1908 victo
551 1840 634 1907 nihil
655 1841 780 1927 gloriae
802 1852 1021 1931 quaereretur.
1056 1845 1110 1926 42,
1132 1843 1183 1923 60,
1207 1844 1226 1909 3

142 1941 245 2006 aetitia
267 1963 310 2006 ex
330 1941 415 2007 male
436 1950 531 2029 gesta
553 1966 597 2013 re.
621 1981 661 1992 -
684 1943 745 2010 In:
767 1945 825 2024 23,
848 1946 950 2029 3,·12.
967 1945 1000 2009 in
1024 1945 1167 2012 secundo
1189 1966 1228 2011 ac

142 2045 176 2110 io
201 2043 301 2108 citato
324 2053 483 2111 senatore.
514 2045 672 2128 29,-16,2
693 2047 727 2110 in
750 2045 882 2134 publica
904 2046 1050 2132 obligata
1071 2046 1145 2118 fide,
1175 2048 1227 2127 31,
1369 2037 1372 2042 ’

158 2146 204 2209 11
221 2146 255 2209 in
278 2145 423 2210 admissa
444 2147 549 2231 culpa.
573 2185 613 2195 -
636 2146 728 2213 Inter
748 2148 801 2213 bei
817 2149 1171 2234 Zeitbestimmuugen:
1198 2152 1226 2231 l,

142 2249 159 2310 4
189 2248 275 2310 inter
297 2246 473 2312 Lavinium
496 2259 528 2314 et
551 2248 670 2314 Albam
692 2249 841 2335 Longam
871 2249 1043 2315 deductam
1067 2251 1228 2316 coloniam

142 2350 219 2428 ;inta
246 2347 349 2413 ferme
377 2349 553 2416 interfuere
583 2352 669 2416 anni.
706 2352 743 2434 4,
772 2353 830 2434 61,
860 2352 880 2416 6
907 2353 992 2417 inter
1026 2354 1225 2438 eruptionem

142 2458 274 2539 rptatam
298 2451 540 2534 („wlthrend“).
574 2453 604 2537 5,
629 2454 677 2533 10,
704 2453 752 2517 10.
780 2453 809 2532 6,
832 2454 883 2538 24,
906 2453 936 2518 2.
966 2453 1019 2534 23,
1040 2453 1072 2535 2,
1097 2455 1113 2517 1
1143 2455 1229 2518 111161

142 2560 234 2645 rupta
256 2553 365 2617 omnia
389 2552 582 2636 („wtthrend
604 2553 684 2618 alles
708 2562 865 2620 zerriittet
887 2557 1003 2642 war“).
1032 2555 1161 2639 25,·16,
1185 2555 1225 2619 21

142 2677 166 2718 rr
198 2653 278 2719 haec
307 2654 402 2721 dicta.
433 2693 470 2702 —
502 2654 547 2720 Ob
575 2657 620 2720 ist
641 2656 819 2722 besonders
843 2656 969 2742 bttufig:
1002 2659 1035 2739 l,
1057 2658 1112 2736 45,
1137 2658 1157 2723 3
1185 2656 1228 2723 ob

142 2780 147 2819 1
170 2756 290 2821 totiens
313 2755 488 2822 infeliciter
510 2767 702 2844 temptatam
725 2761 836 2823 armis.
866 2758 897 2840 2,
922 2758 971 2842 19,
998 2759 1037 2824 10
1059 2758 1100 2824 ob
1116 2769 1229 2842 erepta

142 2880 168 2923 ra
198 2859 402 2945 patriamque
430 2858 625 2946 ademptam.
656 2856 686 2938 4,
709 2860 760 2935 32,
785 2862 814 2924 7.
837 2861 869 2944 4,
891 2860 943 2938 57,
971 2861 1019 2924 12.
1047 2860 1152 2943 9,14,
1179 2861 1227 2925 13.
1303 2891 1308 2899 ·

156 2959 209 3042 20,
232 2959 263 3024 4.
294 2958 370 3024 Und
392 2963 476 3025 noch
501 2959 664 3026 78161161
687 2961 779 3046 giebt
802 2960 971 3046 Cuthling,
995 2962 1107 3047 Progr.
1129 2961 1226 3047 Lieg·

142 3085 149 3124 1
178 3059 212 3126 S.
242 3061 272 3124 6.
308 3061 543 3126 Zu·streichen
565 3063 608 3127 ist
631 3061 778 3145 1161114,
803 3064 836 3142 1,
859 3063 890 3127 4.
917 3101 953 3109 -
986 3061 1065 3128 Post
1085 3063 1130 3127 ist
1152 3064 1229 3128 sehr

142 3160 314 3227 1616111611
337 3160 391 3227 bei
408 3162 642 3250 Zeitangaben,
664 3187 757 3231 wozu
782 3186 815 3228 es
838 3164 920 3228 auch
938 3164 1052 3230 Cicero
1076 3164 1228 3231 benutzt:

142 3264 186 3348 19,
213 3264 251 3329 13
273 3273 349 3349 post
363 3264 522 3329 Punicum
545 3266 726 3353 perfectum
748 3265 880 3332 bellum.
908 3266 940 3348 2,
956 3267 1007 3349 21,
1024 3269 1045 3332 5
1060 3291 1090 3352 p.
1107 3266 1229 3333 fractas

143 3389 159 3430 s
181 3364 383 3431 Latinorum.
413 3367 447 3445 2,
470 3368 526 3449 25,
549 3368 569 3431 6
592 3391 623 3452 p.
647 3367 827 3432 Pometiam
851 3379 989 3454 captam.
1018 3369 1053 3448 2,
1077 3370 1133 3447 51,
1153 3370 1175 3433 4
1196 3392 1227 3455 p.

142 3477 251 3554 eptam
280 3469 431 3555 proxima
458 3490 569 3554 pugna
590 3468 726 3534 cladem.
763 3469 858 3534 Dazu
887 3471 1039 3536 kommen
1062 3472 1082 3534 9
1106 3468 1229 3535 Stellen

159 3567 322 3655 Guthling
344 3568 376 3634 S.
400 3571 429 3634 6.
452 3607 495 3617 -
519 3568 667 3636 Praeter:
689 3571 741 3650 21,
763 3570 815 3653 49,
838 3571 860 3634 4
881 3595 913 3659 p.
929 3572 1050 3657 viginti
1071 3594 1173 3636 naves
1195 3572 1229 3635 in

142 3671 214 3735 bam
236 3672 353 3737 missas
377 3670 432 3758 (==
454 3682 683 3759 praeterquam
706 3675 794 3760 quod
822 3674 942 3737 missae
971 3674 1105 3759 essent).
1137 3673 1228 3737 Eben
1325 3708 1329 3723 ·

142 3774 200 3857 33,
221 3773 279 3855 34,
303 3774 321 3837 7
346 3797 375 3860 p.
400 3772 584 3839 libertatem
608 3796 805 3840 concessam.
835 3774 1003 3854 Α116127,
1027 3778 1062 3858 8,
1093 3774 1133 3838 14
1161 3774 1228 3837 und

155 3875 207 3952 36,
235 3878 251 3938 l
281 3876 423 3960 gehbren
452 3872 543 3941 nirbt
569 3875 708 3940 hicrher.
739 3915 774 3924 -
813 3876 895 3942 Pro:
923 3877 952 3958 9,
978 3877 1027 3959 16,
1052 3878 1091 3940 15
1114 3897 1228 3961 prore

142 3999 168 4042 16
191 3986 294 4061 gesta.
324 3977 377 4059 21,
393 3978 444 4056 41,
464 3979 502 4042 13
524 4000 583 4065 pro
606 3978 656 4042 his
679 3979 864 4067 impertitis.
894 3979 946 4057 27,
961 3978 1013 4062 49,
1030 3979 1047 4040 7
1065 3978 1099 4040 id
1117 3976 1229 4042 solacii

142 4102 146 4143 ;
167 4100 228 4166 pro
252 4078 380 4143 amissis
397 4100 435 4145 eo
451 4079 574 4166 proelio
590 4080 759 4146 militibus.
786 4082 837 4158 28,
852 4081 882 4161 9,
901 4080 918 4144 7
943 4101 1001 4167 pro
1018 4101 1085 4167 rep.
1102 4080 1231 4144 fortiter

142 4181 286 4268 citerque
315 4180 552 4247 administrata.
598 4183 650 4264 30,
674 4183 724 4266 30,
748 4184 777 4246 7.
801 4183 851 4259 39,
877 4181 928 4261 38,
950 4183 980 4246 5.
1003 4183 1054 4264 45,
1069 4182 1121 4265 37,
1136 4183 1157 4246 5
1171 4203 1230 4267 pro

142 4283 215 4368 agie
237 4281 324 4347 bello
346 4293 449 4368 gesto.
495 4283 594 4349 Nicbt
615 4284 746 4349 hicrher
768 4285 926 4368 geh'oren:
949 4282 1002 4367 23,
1025 4282 1077 4366 28,
1101 4285 1137 4347 ll
1161 4281 1229 4346 und

152 4385 183 4464 3,
202 4385 250 4450 12.
267 4423 308 4432 —
325 4385 477 4468 Propter:
500 4386 530 4467 3,
545 4384 597 4468 22,
623 4387 637 4448 1
662 4384 799 4450 lustrum
817 4410 847 4471 p.
865 4383 1064 4471 Capitolium
1087 4395 1228 4472 captum,

144 4478 248 4553 sulem
273 4487 417 4552 occisum
440 4487 537 4552 condi
560 4487 749 4572 religiosum
773 4488 843 4551 fuit.
866 4489 895 4566 3,
918 4488 969 4568 30,
992 4487 1012 4551 8
1035 4487 1230 4552 Corbionem
