2948 4988
563 338 914 435 -46-7

187 512 220 575 2.
245 510 330 576 Eine
354 508 530 575 besondere
553 507 754 574 auflallende
777 507 1050 591 verkurzung
1078 509 1167 593 zeigt
1195 509 1252 573 der

142 611 306 677 1161166616
322 612 370 677 611
391 611 445 694 du,
463 633 513 676 wo
529 632 565 674 er
583 632 642 674 zur
657 611 735 675 Ver
742 609 961 695 gleichung
981 611 1041 674 mit
1063 612 1168 674 einem
1190 612 1250 674 Bc·

141 713 198 778 iffe
221 713 279 779 dos
302 714 526 801 Haupteotzce
549 711 654 778 dient:
690 711 768 778 Cic.
791 710 874 775 Phil.
895 714 926 795 5,
954 711 991 775 16
1013 713 1057 776 611
1078 735 1136 798 pro
1159 733 1249 798 prue-

142 837 172 879 66
201 838 239 882 66
268 817 338 879 iure
367 836 428 897 quo
456 815 511 897 qui
539 812 662 899 optimo
691 812 777 900 (1.6.
805 834 869 900 quo
894 815 922 878 16
951 823 1016 894 661,
1046 815 1102 899 qui
1129 814 1250 899 optimo

142 939 171 982 ce
201 919 277 999 661).
322 914 481 1002 Hdufiger
510 915 592 980 wird
621 914 680 979 der
707 913 884 1000 Vergleich
912 912 1014 979 durch
1043 917 1155 995 utqui
1182 913 1249 978 und

142 1039 198 1085 am
223 1021 278 1102 qui
300 1018 499 1103 eingeleitet:
523 1040 555 1104 p.
578 1015 670 1081 Sulla
691 1017 730 1081 31
755 1026 819 1080 tam
843 1016 932 1082 mitis
955 1038 1052 1103 quum
1075 1017 1131 1102 qui
1153 1014 1249 1080 lenie-

142 1142 214 1185 nus.
255 1120 331 1184 sam.
354 1121 384 1196 5,
407 1118 437 1203 2,
459 1120 480 1182 6
506 1127 574 1182 tem
600 1120 686 1182 enim
714 1140 785 1182 sum
811 1118 935 1183 amicus
958 1119 1038 1204 reip.
1073 1140 1170 1203 quam
1194 1119 1250 1203 qui

142 1223 250 1286 exime.
293 1222 341 1301 13,
363 1220 473 1283 31661
495 1227 625 1304 gratum
648 1219 727 1284 mihi
749 1219 784 1284 id
807 1220 878 1298 erit,
901 1240 999 1306 quum
1022 1219 1110 1305 quod
1132 1221 1248 1303 gratis-

142 1344 233 1386 num.
271 1324 312 1386 62
341 1332 373 1386 16
401 1322 489 1385 enim
516 1342 643 1407 semper
670 1323 717 1385 616
745 1319 849 1386 colam
877 1331 910 1386 61
931 1321 1063 1404 tuebor,
1090 1329 1127 1384 6ι
1153 1342 1249 1407 quem

142 1423 363 1510 igentieeime.
401 1419 578 1507 (Aehnlich
601 1422 708 1486 istud
731 1421 795 1503 Qu.
818 1422 859 1487 fr.
881 1421 913 1505 2,
933 1422 963 1506 6,
986 1423 1006 1486 6
1028 1422 1142 1486 domus
1166 1422 1248 1486 cele·

142 1535 219 1590 etur
242 1525 438 1590 11661666
460 1523 625 1607 maxime.)
661 1523 744 1588 Liv.
762 1524 792 1603 5,
808 1523 850 1588 25
871 1533 966 1608 grata
980 1545 1018 1587 ea
1040 1546 1091 1588 res
1114 1533 1151 1588 61
1165 1544 1249 1610 quae

142 1628 243 1692 exime
265 1626 393 1690 senatui
414 1647 559 1713 unquam
582 1625 654 1690 fuit.
692 1626 721 1708 ’1,
744 1625 785 1690 33
807 1625 981 1712 proelium,
1009 1636 1047 1690 ut
1068 1623 1154 1712 quod
1182 1647 1248 1689 mu·

142 1750 187 1792 ne
211 1748 354 1814 unquam
377 1729 448 1814 pari
470 1748 527 1814 spe
548 1765 590 1774 —
612 1726 817 1791 commiscum
841 1736 900 1791 661.
938 1727 989 1805 23,
1004 1727 1047 1790 49
1069 1729 1247 1813 provincio,

151 1851 242 1916 quae
265 1830 406 1894 maxime
422 1829 576 1907 omnium,
600 1826 678 1892 belli
701 1827 810 1893 avida.
848 1818 1247 1893 1166616661ι1166616161ι

142 1933 148 1995 ἰ
174 1929 261 1994 ihm:
283 1931 314 2011 8,
337 1930 379 1996 39
401 1931 545 2016 equitum
566 1930 667 2007 acies,
682 1931 798 2012 (166116
819 1951 901 2011 quae
922 1951 992 1994 6666
1014 1930 1249 1995 16166611661166

142 2037 210 2116 lest,
238 2033 369 2097 invecta
396 2033 428 2096 in
457 2031 579 2097 hostes.
623 2032 791 2097 Incomect
817 2033 874 2095 ist:
908 2031 959 2112 34,
981 2031 1077 2115 32,3
1108 2041 1247 2117 tyranno

142 2154 197 2198 am
227 2133 284 2220 qu'i
315 2155 459 2220 unquam
488 2131 551 2198 fuit
583 2133 775 2197 saevissimo
802 2132 912 2219 (616111
940 2142 978 2197 61
1004 2131 1084 2220 qui).
1129 2134 1247 2219 866166

142 2233 315 2299 usellen:
350 2232 486 2314 Quint.
508 2235 537 2312 3,
561 2234 592 2316 8,
617 2233 657 2298 12
678 2234 827 2314 61166166,
851 2242 888 2298 61
910 2254 993 2321 quae
1014 2236 1166 2316 maxime,
1189 2259 1245 2322 po·

142 2335 213 2401 dat.
256 2334 348 2399 Tac.
376 2333 419 2398 G.
451 2335 490 2398 10
518 2336 679 2421 auspicia,
712 2346 749 2400 ut
776 2335 831 2421 qui
864 2337 1024 2420 maxime,
1057 2336 1245 2402 observent.

142 2435 205 2501 ell.
231 2438 279 2520 15,
302 2436 354 2514 28,
378 2437 395 2499 l
419 2436 595 2515 Ciceronis,
618 2438 731 2524 utqui
753 2437 903 2515 maxime,
927 2438 1061 2502 amicus.

187 2541 217 2620 ξ.
240 2537 311 2603 478.
344 2537 410 2602 Ι)16
431 2538 686 2622 griechische
708 2538 1060 2604 Casusuttraction
1082 2537 1150 2604 des
1173 2541 1244 2606 Re·
1349 2535 1353 2539 ’

145 2632 225 2703 live
257 2637 420 2703 erscheint
453 2651 561 2703 zuerst
592 2639 735 2728 spdrlich
766 2641 801 2704 in
834 2640 893 2704 der
921 2638 1128 2705 klaseiechen
1160 2642 1244 2706 Zeit.

142 2739 209 2804 ebei
230 2740 321 2805 kann
337 2742 396 2805 der
410 2739 516 2806 Casus
538 2744 596 2806 dee
611 2743 938 2829 Relativpronomens
961 2741 1072 2806 nicht
1094 2743 1245 2807 eusdem

142 2842 244 2907 orbum
268 2841 324 2906 dee
348 2840 571 2932 Hauptsatzee
595 2843 720 2909 66161661
741 2845 881 2909 werden.
927 2843 1075 2909 Cornil.
1101 2847 1128 2926 1,
1151 2845 1181 2927 ’1,
1205 2848 1242 2909 11

142 2944 277 3029 luponis
300 2943 496 3028 rationibus,
520 2945 639 3032 quibus
666 2946 948 3032 praescripsimus,
973 2982 1013 2992 —-
1036 2945 1171 3010 docilem
1195 2947 1243 3011 fa-

142 3062 224 3109 unus
251 3045 443 3110 auditorem.
487 3045 566 3111 cie.
590 3047 631 3110 ud
662 3049 730 3113 Att.
760 3047 808 3125 10,
835 3047 864 3126 8,
894 3047 912 3109 7
946 3068 1021 3110 nos.
1039 3056 1149 3111 temen
1181 3047 1243 3113 hoc

142 3143 326 3211 1666661666
349 3145 405 3214 1116
428 3149 574 3233 augurio,
597 3170 659 3235 quo
683 3148 793 3230 (stattz
823 3148 925 3235 quod)
951 3147 1104 3213 diximus,
1142 3149 1243 3215 Luc·

142 3245 273 3312 eiusad
296 3249 427 3332 16165,
450 3251 533 3334 14,1
556 3271 631 3314 cum
651 3289 686 3298 -
709 3248 833 3336 aliquid
856 3271 935 3333 ogas
959 3272 1080 3332 eorum,
1104 3274 1241 3336 quorum

142 3351 261 3416 16666611
289 3349 345 3438 (=
372 3373 454 3438 quae
482 3374 578 3435 agere
609 3353 797 3434 consuesti).
843 3350 1019 3416 Vielleicht
1047 3353 1090 3417 161
1119 3352 1241 3441 jedoch

142 3441 178 3508 ier
202 3474 237 3516 zu
260 3462 439 3537 ergdnzen:
468 3475 605 3539 quorum
634 3452 773 3540 aliquid,
803 3453 862 3516 wie
889 3454 922 3516 in
951 3455 1041 3518 einer
1069 3453 1242 3520 1166116666

142 3546 204 3614 16116
222 3553 274 3619 bei
298 3553 446 3619 Caesar
467 3554 526 3619 due
549 3555 613 3619 den
636 3555 779 3619 Genetiv
804 3556 996 3640 regierende
1018 3554 1144 3619 Nomen
1167 3579 1241 3643 sup-

142 3640 186 3714 lirt
206 3656 300 3720 wird:
331 3656 363 3720 b.
386 3677 419 3740 g.
443 3657 473 3740 5,
500 3656 521 3720 2
547 3666 720 3721 sexcentae
749 3657 818 3720 6166
846 3659 993 3741 generis,
1023 3659 1114 3721 cuius
1143 3679 1243 3744 supra

142 3756 409 3842 monstravimus,
432 3779 534 3822 naves
559 3760 592 3839 (i.
616 3780 643 3825 6.
666 3758 759 3822 66166
786 3745 916 3841 generis
939 3758 1065 3844 naves).
1103 3759 1135 3823 b.
1159 3782 1186 3823 6.
1210 3759 1242 3842 3,

142 3844 239 3923 lcum
272 3863 382 3924 666661
414 3861 448 3923 16
479 3859 598 3946 quibus
632 3858 854 3924 demonstravi
883 3860 1043 3944 angustiis
1072 3859 1155 3944 (6611.
1185 3881 1239 3925 666

142 3954 198 4043 see).
225 3960 321 4024 Bell.
338 3960 391 4025 Af
395 3983 420 4028 r.
436 3961 478 4026 69
501 3960 614 4026 eadem
630 3963 765 4044 ratione,
783 3972 938 4048 queunte
953 3962 1024 4025 dixi
1041 3964 1098 4040 (66.
1117 3960 1239 4026 factum

142 4058 200 4144 116).
231 4060 327 4129 Sall.
350 4062 429 4147 Jug.
447 4063 508 4127 104
529 4063 645 4148 gehdrt
660 4062 752 4129 61661
774 4063 912 4145 hierher,
934 4062 1008 4127 weil
1029 4083 1089 4145 quo
1104 4063 1239 4127 Adverb

142 4167 164 4223 c
192 4163 277 4231 Hor.
301 4174 363 4229 661.
387 4165 418 4243 6,
443 4164 483 4228 14
504 4174 638 4230 6616616
661 4165 777 4249 iudice,
799 4186 863 4252 quo
880 4164 977 4244 66611,
1000 4161 1129 4250 populo.
1165 4162 1239 4229 Nir-

142 4261 205 4329 cndc
225 4265 279 4332 bei
294 4265 414 4351 virgil,
438 4266 522 4331 wohl
545 4269 623 4332 eber
645 4265 712 4330 und
735 4289 822 4331 zwar
844 4265 929 4330 diter
951 4266 1003 4331 bei
1026 4265 1185 4329 Livius:
1211 4268 1238 4347 1,

142 4365 161 4452 l,
181 4368 201 4432 4
225 4368 343 4456 ruptim
372 4369 489 4456 quibus
520 4370 654 4456 quisque
682 4377 809 4455 poterat
838 4367 942 4432 elatis.
986 4366 1063 4431 Und
1091 4364 1173 4429 eben
1203 4389 1238 4431 6ο

142 4472 187 4538 ln
201 4467 374 4536 absoluten
389 4469 541 4535 Ablutiv:
564 4472 596 4552 4,
611 4470 664 4552 39,
680 4470 701 4534 9
716 4469 833 4556 quibus
849 4477 978 4557 poterat
994 4468 1113 4533 sauciis
1129 4465 1237 4534 ductis
