2948 4988
674 299 886 362 ..30-

203 450 367 530 Livius,
390 450 457 534 agl.
480 451 634 515 Kirhuaat
656 450 688 514 S.
709 450 769 513 311
789 450 835 533 fg.
872 449 967 513 Eheu
989 471 1026 512 ao
1048 449 1151 514 bleibl
1172 470 1208 512 ea
1229 451 1274 514 im
1295 451 1356 515 sil·

206 551 328 614 bernen
365 553 432 615 und
470 562 587 637 apaten
618 551 748 614 Lalein.
803 549 929 631 l'ieles,
967 573 1036 614 was
1068 550 1166 614 Hand
1204 550 1355 633 salubri,

202 651 402 715 namentlieh
428 674 488 716 aus
511 652 644 733 Cicero,
672 653 717 716 ist
744 651 828 714 nach
857 651 930 716 dem
949 654 1098 738 jerzigeu
1119 651 1357 738 Slandpuukle

202 751 262 815 der
284 752 399 817 Kritik
422 753 572 817 retaliet.

286 857 317 935 ξ.
339 854 414 919 313.
450 856 521 919 Aul
540 862 569 920 el
590 854 674 939 lolgt
695 858 791 919 eliam
813 854 893 919 oder
916 875 1046 936 uitaque.

293 957 320 1018 1.
345 959 388 1018 El
408 960 502 1020 eliam
526 957 569 1021 ist
591 955 743 1019 unsicher
766 959 799 1020 in
821 955 906 1020 alter
927 957 1012 1038 Zeia,
1034 978 1085 1020 wo
1106 979 1141 1020 es
1162 956 1253 1021 eitirl
1268 957 1355 1022 wird

203 1077 265 1119 aus
291 1055 399 1120 Plaut.
427 1057 504 1121 Aul.
532 1059 564 1138 3,
588 1058 620 1137 3,
642 1058 664 1119 4
685 1070 718 1121 et
750 1059 849 1120 etiam
882 1056 1066 1139 introduce,
1105 1059 1134 1120 si
1171 1061 1218 1122 vis
1251 1058 1356 1140 (nach

203 1157 303 1241 Ling3
326 1158 448 1221 andere
470 1159 633 1221 streichen
655 1161 709 1243 el.)
752 1158 852 1222 Sonat
878 1180 941 1221 nur
967 1159 1052 1223 noch
1074 1158 1147 1226 Ter.
1168 1159 1299 1225 Phorm.
1319 1161 1354 1242 4,

205 1258 236 1335 3,
258 1259 297 1321 51
323 1270 355 1323 ei
378 1263 475 1323 etiam
491 1281 577 1322 nuuc
600 1271 656 1322 cit.
702 1258 914 1345 l'eberhanpt
937 1263 980 1324 ist
1003 1260 1058 1323 die
1072 1259 1147 1324 dem
1160 1260 1355 1326 Deutsehen

206 1382 242 1423 so
270 1360 432 1444 gelaufige
455 1360 681 1444 l'ereinigung
711 1361 825 1425 beider
850 1360 1022 1424 Partikela
1053 1372 1134 1426 stets
1162 1360 1267 1427 sellan
1293 1384 1353 1448 ge·

201 1459 344 1525 blieben.
399 1461 464 1526 Die
496 1462 694 1546 Bedeutung
719 1484 785 1525 van
816 1465 912 1526 eliam
939 1463 982 1526 ist
1014 1465 1095 1528 aber
1124 1463 1353 1527 verschieden.

202 1561 282 1625 cic.
306 1562 399 1625 l'err.
427 1565 459 1642 1,
485 1565 526 1626 11
549 1563 733 1627 ιιιιιι11εειίι
761 1564 795 1626 ἰιι
824 1562 995 1627 maleficiis
1024 1575 1156 1628 tenetur
1182 1575 1215 1629 et
1240 1576 1355 1630 manet

202 1665 300 1726 etiarn
333 1663 431 1746 lauch
464 1664 546 1727 noch
576 1667 699 1750 jetra).
749 1688 782 1749 p.
811 1664 901 1728 Cael.
928 1664 950 1727 6
976 1679 1025 1729 est
1059 1666 1146 1729 enim
1181 1686 1355 1730 commune

201 1787 274 1828 cum
302 1764 414 1828 multis
447 1778 478 1829 et
506 1788 580 1829 cum
607 1765 803 1851 quibusdam
836 1767 934 1830 etiam
962 1765 1056 1829 bonis
1078 1789 1199 1852 isogar,
1222 1766 1352 1853 selbot).

200 1865 245 1929 ad
266 1871 336 1933 Ati.
363 1868 411 1947 16,
436 1868 485 1947 16,
508 1888 588 1951 rogo
611 1870 806 1931 teetetiaur
828 1889 895 1934 oro.
926 1867 1005 1931 farn.
1028 1867 1060 1948 9,
1082 1868 1136 1947 25,
1159 1868 1228 1931 3et
1250 1868 1351 1933 etiam

202 1970 323 2052 gratia.
372 1982 454 2032 orat.
484 1969 533 2049 12,
560 1969 604 2032 39
630 1982 663 2032 et
689 2007 730 2016 —
758 1970 847 2034 canit
879 1971 977 2033 etiam
1010 1979 1067 2032 cll.
1120 1967 1215 2033 Neela
1246 1991 1353 2034 corre-

201 2068 455 2153 spondirendem
484 2075 512 2133 el
540 2069 621 2154 folgt
648 2073 760 2134 eliam:
790 2072 882 2135 Brut.
904 2071 947 2134 82
980 2071 1039 2134 sed
1066 2081 1099 2133 et
1125 2071 1197 2156 ipse
1220 2070 1355 2135 errabat

202 2182 235 2233 et
257 2169 339 2234 alios
361 2172 460 2234 etiarn
484 2192 591 2234 errare
613 2173 763 2256 cogebat.
807 2173 886 2236 fam.
912 2173 959 2253 12,
986 2174 1034 2254 18,
1060 2173 1074 2234 l
1098 2187 1133 2235 ut
1156 2170 1292 2258 etquid
1315 2183 1353 2236 tu

203 2293 283 2356 agas
305 2288 336 2335 et
358 2271 438 2357 quid
460 2286 580 2357 agatur
602 2274 686 2337 scire
708 2273 832 2357 possim
854 2292 887 2336 et
914 2274 1012 2336 etiam
1034 2273 1115 2359 quid
1137 2286 1270 2338 aeturus
1293 2275 1352 2337 aia.

205 2374 255 2454 13,
279 2375 309 2454 1,
331 2375 352 2438 3
373 2374 464 2438 illum
493 2391 525 2437 et
554 2374 725 2458 dignitatis
754 2376 925 2461 municipii
947 2388 978 2439 et
1000 2375 1174 2460 aequitatis
1197 2384 1229 2437 et
1251 2375 1352 2439 etiam

203 2473 380 2540 voluntatis
401 2498 479 2561 erga
507 2499 550 2554 se,
570 2476 757 2540 habiturum
780 2497 853 2539 esse
881 2477 1050 2540 rationem.
1095 2475 1166 2540 Nur
1186 2497 1246 2538 zur
1266 2476 1351 2540 Stei-

202 2598 329 2662 gerung
351 2579 440 2642 eines
461 2577 691 2662 comparativa
719 2578 761 2641 ist
789 2581 884 2642 elium
906 2577 1135 2662 hinzngelirgt:
1159 2577 1202 2640 ad
1225 2581 1297 2641 Ati.
1319 2578 1351 2655 2,

205 2682 232 2760 1,
253 2679 274 2742 3
296 2678 516 2743 oratiunculas
537 2690 646 2743 autem
670 2694 701 2742 et
724 2702 805 2766 quas
829 2678 973 2767 postulas
996 2691 1028 2742 et
1050 2678 1160 2765 plures
1181 2679 1292 2742 etiarn:

288 2779 384 2843 Felrlt
398 2780 452 2844 bei
464 2780 597 2860 Caesar,
614 2779 737 2845 Sallust
748 2781 814 2846 und
830 2782 895 2844 den
905 2781 1167 2865 Augusteischen
1180 2780 1351 2845 Dichtern.

289 2880 413 2944 Varro
436 2904 461 2943 r.
484 2904 510 2944 r.
533 2881 565 2961 2,
586 2883 619 2961 1,
647 2882 685 2944 10
698 2881 812 2946 Latini
834 2887 867 2946 el
882 2884 981 2946 eiiam
996 2881 1126 2947 Graeci.
1156 2883 1188 2964 2,
1212 2884 1241 2965 1,
1263 2884 1295 2946 2.
1316 2883 1350 2963 3,

204 2982 235 3063 9,
258 2983 287 3043 9.
318 2980 420 3045 Cels,
444 2983 474 3060 8,
501 2986 526 3044 1.

289 3082 449 3147 Ziemlich
472 3084 578 3147 seiten
602 3085 653 3147 bei
676 3084 834 3148 Livius:
867 3089 894 3176 1,
921 3087 968 3169 16,
990 3087 1012 3155 ι’)
1033 3098 1065 3149 et
1093 3084 1229 3149 consilio
1252 3086 1350 3150 etiam

202 3187 308 3249 unius
353 3186 407 3266 21,
432 3186 480 3265 15,
501 3187 522 3248 6
545 3198 577 3249 et
605 3207 703 3270 eques
732 3187 830 3249 eliam
854 3187 887 3250 in
909 3187 1019 3252 hostes
1042 3188 1189 3251 emissus.
1220 3187 1272 3268 21,
1295 3188 1349 3268 31,

202 3288 224 3348 5
246 3300 277 3349 et
301 3285 416 3350 velites
445 3289 543 3350 etiam
570 3325 604 3334 -
629 3287 847 3372 patiebantur.
892 3289 943 3370 21,
970 3290 1016 3367 10,
1039 3292 1060 3352 1
1082 3286 1125 3353 ad
1150 3288 1185 3351 id
1207 3290 1272 3354 sibi
1293 3310 1349 3353 ue-

204 3411 267 3473 que
299 3410 377 3474 apes
405 3387 520 3453 deesse
548 3403 580 3454 et
607 3391 752 3452 animum
780 3391 878 3454 etiam
905 3412 1085 3476 superesse.
1123 3391 1176 3471 28,
1203 3391 1251 3472 18,
1273 3392 1294 3455 5
1317 3403 1350 3456 et

204 3491 317 3553 eodem
345 3492 444 3554 etiam
474 3492 557 3555 lecta
590 3491 821 3577 Scipionique
849 3492 1017 3556 Hannibal
1047 3531 1088 3539 -
1114 3493 1349 3559 accubuerunt.

203 3592 255 3670 30,
277 3594 309 3673 3,
332 3593 352 3654 2
375 3604 407 3655 et
428 3614 519 3656 arma
535 3595 635 3657 etiam
650 3616 692 3657 ex
714 3594 826 3660 Sicilia
848 3631 886 3640 -
911 3593 1137 3679 portabantur.
1165 3594 1217 3672 39,
1238 3595 1349 3675 31,11

204 3715 355 3757 veremur
368 3693 499 3779 quidem
514 3717 583 3775 vos,
606 3695 754 3776 Romani,
777 3708 821 3777 et,
842 3696 871 3758 si
887 3697 932 3759 ila
947 3694 1057 3775 vultis,
1072 3696 1171 3758 etiam
1187 3696 1350 3760 timemus.

288 3796 348 3861 Bei
371 3795 538 3861 Tacitus
567 3819 630 3860 nur
659 3798 718 3862 ein
740 3797 823 3861 Mal:
851 3798 931 3881 Agr.
958 3798 998 3860 10
1018 3811 1050 3860 et
1079 3797 1167 3882 iugis
1189 3799 1289 3862 etiam
1311 3820 1350 3861 ac

203 3898 367 3963 montibus
395 3899 506 3962 inseri.
550 3899 703 3964 Suetoa
730 3898 791 3962 lul.
822 3899 863 3962 16
894 3897 953 3962 ssd
987 3912 1019 3962 et
1048 3900 1208 3986 ampliora
1238 3900 1349 3963 etiam.

205 3999 487 4064 wahrscheinlich
511 4000 601 4065 nieht
623 4000 717 4065 iliter.

289 4101 409 4166 Falsch
441 4101 495 4166 bei
521 4102 695 4184 Quintil.
745 4103 776 4185 9,
797 4104 828 4184 3,
850 4104 890 4168 31
925 4113 1052 4169 constal
1081 4114 1114 4166 et
1145 4101 1219 4166 aliis
1251 4104 1350 4167 etiam

203 4203 309 4269 modis
344 4205 410 4285 (wo
442 4212 472 4269 el
503 4228 562 4269 aus
596 4208 670 4269 dem
704 4205 992 4290 voraulgehenden
1026 4212 1039 4268 1
1068 4205 1261 4269 eatstanden
1283 4206 1352 4290 ist.)

205 4304 338 4369 Kommt
360 4307 543 4395 uberhaupt
565 4307 616 4371 bei
639 4305 707 4370 ihm
728 4307 819 4371 nieht
842 4329 910 4371 vor.

289 4407 449 4473 Gellius
465 4432 528 4473 nur
542 4410 573 4490 9,
597 4410 627 4488 1,
648 4411 669 4472 3
691 4417 724 4472 et
745 4408 802 4473 alii
818 4408 905 4475 docti
921 4411 985 4474 viri
1007 4420 1040 4474 et
1054 4409 1229 4476 Suetonius
1250 4413 1349 4475 etiam
