2948 4988
632 72 970 180 -srz-t-¹

177 294 287 365 gerat,
315 285 461 349 animum
487 285 670 349 advortam.
715 285 815 350 Merc.
842 285 903 349 120
929 294 1072 366 euraest,
1103 288 1214 371 negoti
1243 287 1320 373 quid

180 382 222 448 sit
246 398 307 451 aut
335 385 416 472 quid
444 389 581 451 nuntiet.
627 388 729 451 Stich.
752 387 813 450 311
842 389 1008 471 experiar,
1034 393 1122 453 fores
1150 410 1191 453 an
1218 388 1320 453 cubiti

182 502 219 546 ac
242 487 345 573 pedes
374 486 448 572 plus
471 487 614 553 valeant.
659 487 778 553 Bacch.
800 489 865 551 404
886 487 961 553 hinc
990 488 1196 572 auscultabo,
1224 511 1322 577 quam
1451 528 1456 535 -

182 603 245 652 rem
281 599 395 674 agant.
450 588 517 653 mil.
550 589 613 654 993
646 587 947 668 subauscultemus,
981 593 1075 676 ecqui
1108 589 1150 654 de
1182 613 1233 655 me
1265 590 1323 656 fiat

184 692 313 755 mentio.

263 794 285 856 i.
308 791 374 856 Ein
397 794 572 856 anderer
595 793 677 858 wird
702 793 750 857 als
778 794 916 878 frageud
945 794 1131 879 eingefiibrt
1157 794 1237 860 oder
1264 793 1323 858 der

180 888 335 958 Redende
363 892 534 961 reforirt
561 918 639 973 nur,
667 894 743 959 dass
772 917 809 959 er
830 895 915 960 eiust
936 899 1068 981 gefragt
1090 895 1190 960 habe:
1224 897 1322 960 Cato

174 1015 206 1058 r.
227 1018 256 1060 r.
280 998 295 1058 1
321 994 489 1080 praedium
520 996 606 1081 quod
635 998 776 1082 primum
799 997 878 1079 siet,
901 998 931 1061 si
953 1018 1005 1061 me
1027 997 1176 1081 rogabis,
1206 998 1254 1061 sic
1276 997 1323 1060 di-

167 1117 263 1160 cam.
296 1095 350 1161 ΡΙ.
375 1096 494 1161 Bacch.
519 1098 580 1162 188
603 1097 733 1183 rogabis
756 1120 818 1181 me,
842 1099 900 1163 ubi
921 1099 981 1180 sit3
1006 1100 1105 1164 venit.
1150 1098 1235 1163 Men.
1262 1096 1324 1161 114

162 1199 320 1282 rogitas,
351 1220 415 1284 quo
444 1220 505 1282 ego
528 1220 609 1262 eam.
656 1199 734 1264 Und
757 1222 793 1264 so
815 1199 891 1264 sehr
912 1200 974 1280 oft3
1000 1200 1157 1265 auweilen
1180 1201 1240 1264 mit
1260 1197 1322 1263 Er·

160 1309 337 1383 gtinzung
366 1298 424 1363 des
448 1299 609 1364 Verbums
633 1322 741 1384 repca,
771 1302 833 1366 wie
855 1302 950 1365 Most.
973 1302 1036 1366 556
1064 1302 1143 1388 quid
1165 1324 1252 1366 nunc
1274 1301 1322 1364 fa·

158 1398 337 1465 ciundum
360 1400 496 1466 censes?
513 1404 524 1486 l
541 1401 635 1487 Egon
658 1401 736 1488 quid
760 1401 937 1467 censeam?
966 1403 1050 1466 Ter.
1073 1401 1138 1467 Ad.
1161 1402 1221 1467 261
1246 1399 1324 1488 quid

159 1499 262 1565 est?
276 1503 287 1586 Ι
301 1501 390 1583 Quid
412 1503 478 1566 sit?
506 1504 548 1567 84
570 1504 647 1588 quid
671 1505 772 1569 fecit?
788 1505 799 1588 ΙΙ
816 1503 905 1584 Quid
929 1504 984 1569 ille
1005 1503 1145 1593 fecerit?
1167 1541 1209 1552 -
1230 1502 1325 1568 Mehr
1383 1501 1385 1505 ⁴

160 1602 278 1682 giebt
301 1602 431 1668 Becker
459 1605 491 1670 S.
514 1605 697 1687 ‘too-203,
726 1604 881 1670 darunter
908 1607 990 1669 zwei
1018 1605 1159 1688 Stellen,
1187 1628 1238 1670 wo
1267 1604 1335 1685 der

162 1700 339 1769 Redeude
364 1705 453 1770 sich
482 1704 614 1772 selbst
642 1706 690 1771 als
718 1707 857 1791 fragend
881 1708 1041 1772 einliihrt:
1073 1708 1127 1773 Pl.
1150 1708 1240 1771 Trin.
1263 1705 1326 1771 929

168 1803 264 1883 quis
288 1808 413 1872 homost
445 1831 496 1871 me
529 1810 751 1893 insipientior,
787 1810 843 1894 qui
877 1809 948 1896 ipse
981 1820 1125 1894 egomet,
1158 1809 1217 1873 ubi
1250 1809 1323 1891 sim,

173 1907 388 1984 quaeritent?
431 1909 592 1975 Aehnlich
619 1933 650 1975 v.
674 1910 744 1974 936.

275 2008 338 2074 Der
363 2011 520 2076 Redende
548 2012 733 2093 referirt,
766 2013 842 2076 dass
871 2035 906 2076 er
935 2014 1020 2077 einst
1047 2013 1179 2098 gefragt
1207 2011 1324 2094 habe,

183 2099 285 2173 steila
308 2114 352 2176 im
380 2112 596 2178 historischen
619 2115 774 2198 Prttsens,
804 2115 900 2180 theils
929 2117 972 2179 im
1002 2115 1237 2179 Praeteritum:
1271 2114 1326 2177 Pl.

188 2201 349 2293 0196511
370 2236 462 2299 rogo,
479 2212 697 2292 Philocratem
713 2240 755 2280 ex
767 2214 865 2281 Alide
881 2218 990 2303 ecquis
1006 2215 1173 2282 hominum
1189 2218 1326 2281 noverit.

190 2300 289 2377 llere.
308 2316 368 2381 941
392 2318 518 2400 rogito,
548 2319 621 2403 quis
645 2340 718 2382 eam
739 2320 899 2383 avexerit.
944 2320 1041 2383 Truc.
1064 2318 1128 2382 639
1150 2319 1325 2401 interrogo,

194 2409 272 2486 quid
293 2439 365 2481 enm
392 2416 482 2482 velit.
527 2418 621 2484 Eben
650 2442 686 2485 so
709 2420 861 2484 Terens
892 2420 977 2484 nach
999 2435 1088 2502 rope,
1116 2421 1226 2502 ropito.
1271 2417 1325 2482 Pl.

132 2604 134 2609 Ι
196 2502 293 2582 Sfich.
312 2520 374 2584 366
398 2521 476 2584 dum
499 2531 672 2607 percontor
695 2523 886 2607 portitores,
916 2543 1038 2608 ecquae
1066 2523 1160 2585 navis
1189 2521 1325 2585 venerit.

132 2648 135 2699 ;
198 2602 257 2675 328
277 2639 345 2705 ego,
374 2623 454 2708 quid
483 2645 534 2686 me
562 2621 678 2704 velles,
711 2623 866 2687 visebam.
911 2622 977 2689 mil.
1005 2624 1086 2688 1336
1114 2621 1325 2709 temptabam,

199 2712 366 2791 trirareme
387 2746 430 2787 an
454 2746 528 2789 non.
573 2724 651 2789 Und
674 2723 740 2810 dgl.
763 2748 804 2790 m.

278 2821 305 2888 Ι.
327 2825 391 2889 Ein
414 2827 580 2891 anderes·
603 2827 685 2892 wird
709 2827 1014 2912 aufgefordert,
1043 2850 1084 2890 zu
1106 2827 1222 2912 frageu
1246 2826 1326 2892 oder

200 2926 236 2974 ²1¹
265 2924 447 3012 tiberlegcn:
483 2930 580 2992 Cato
603 2951 629 2992 r.
652 2952 679 2992 r.
702 2930 744 2993 39
766 2932 927 3016 quaerito,
957 2930 1033 3016 quid
1055 2929 1127 2993 fieri
1150 2929 1262 3015 possit.
1307 2929 1327 2991 2

200 3027 294 3108 ¹⁰83,
313 3028 390 3115 quid
413 3031 522 3116 operis
546 3032 608 3095 siet
628 3032 761 3095 factum.
791 3031 1041 3099 Pl.Poen.1”l9
1064 3041 1188 3115 rogato,
1214 3052 1326 3095 servos

200 3127 361 3220 teneritas.
392 3131 512 3196 Pseud.
528 3131 593 3197 449
608 3142 729 3219 quanto
746 3135 848 3197 satius
865 3143 916 3198 est
933 3172 967 3182 -
987 3156 1196 3221 exquaerere,
1220 3135 1328 3197 sintne

200 3206 252 3283 ¹¹¹⁸
273 3252 376 3298 necne.
421 3235 495 3298 Cas.
517 3235 579 3299 467
604 3236 748 3319 rogitare
775 3245 903 3321 oportet
930 3236 1018 3321 prius
1042 3247 1075 3301 et
1096 3239 1327 3324 percontarier,

199 3313 316 3399 duitas
336 3336 365 3400 ei
389 3336 517 3399 animus
539 3358 642 3400 necne
663 3337 760 3400 adsit.
791 3336 877 3400 Ter.
896 3337 1015 3402 Heaut.
1031 3339 1105 3404 658.
1122 3339 1193 3404 943.
1230 3338 1327 3403 Cato

132 3470 136 3505 t
197 3427 217 3525 ‘j
239 3439 302 3499 nl
329 3437 455 3520 videto,
488 3460 629 3502 vasa-
653 3438 797 3503 multane
832 3441 925 3504 sient.
971 3440 1023 3504 Pl.
1053 3442 1120 3505 mil.
1149 3442 1212 3506 536
1240 3440 1327 3517 vide,

132 3536 135 3619 ζ
196 3527 278 3599 ⁸¹er
295 3540 394 3604 istaec
415 3550 529 3604 nostra
550 3541 649 3604 intus.
695 3539 812 3607 Bacch.
837 3541 893 3604 901
922 3542 1014 3624 vide,
1045 3545 1129 3606 sitne
1158 3543 1203 3607 ibi
1227 3546 1328 3629 (jetzt

194 3607 375 3706 filsscblicb:
409 3641 524 3727 estne).
569 3642 661 3707 Trin.
689 3642 752 3706 614
786 3666 899 3709 moneo
929 3682 967 3691 —
997 3657 1033 3707 ut
1068 3655 1213 3730 reputes,
1249 3644 1327 3729 quid

193 3708 297 3806 swero
316 3753 465 3830 expetas.
508 3743 609 3808 Poen.
634 3744 712 3829 prol.
736 3743 772 3807 91
800 3745 899 3809 facite
928 3749 1146 3811 coniecturam
1174 3756 1326 3823 ceterum,

192 3830 272 3906 quid
290 3845 321 3911 id
344 3846 389 3910 sit
411 3844 560 3910 bominis.
606 3846 699 3909 Eheu
722 3867 758 3908 so
782 3847 834 3909 bei
857 3848 1021 3912 Terens.

274 3946 394 4033 Htufig
416 3948 461 4012 ist
481 3947 515 4010 in
539 3946 669 4012 solchen
686 3950 711 4012 F
714 3958 904 4032 ragesittzen
927 3949 986 4013 der
1006 3948 1204 4034 Conjunctiv
1228 3948 1328 4013 schon

132 4076 137 4099 -·
195 4016 321 4117 leflbslb
347 4051 573 4134 nothwendig,
602 4049 676 4114 weil
705 4073 740 4114 er
767 4052 850 4115 auch
878 4054 912 4114 in
941 4051 1121 4115 directer
1144 4053 1248 4135 Frage
1279 4050 1327 4115 als

132 4174 164 4496 K
198 4120 285 4236 ettuj,
316 4150 522 4240 potentialis,
561 4150 795 4216 deliberativas
837 4155 915 4218 oder
947 4153 1180 4218 condicionalis
1214 4153 1328 4216 steben

132 2804 137 2861 'r

132 2892 140 2963 Ι

203 4246 323 4338 ¹¹¹hoste,
354 4279 383 4322 a.
407 4255 444 4322 B.
468 4252 522 4318 Pl.
546 4255 628 4322 Rud.
651 4252 884 4342 917'experiri
912 4256 1074 4341 expetivi,
1104 4266 1328 4342 paupertatem

1074 4360 1128 4411 29*
