2948 4988
523 335 754 396 -511-

142 498 235 585 rcht.)
280 499 321 563 de
343 522 391 563 or.
416 505 450 581 1,
475 500 514 564 18
536 522 676 587 namque
699 518 836 589 egomet,
860 507 916 592 qui
939 528 1010 570 sero
1033 529 1071 571 ae
1094 507 1210 572 leviter

142 622 212 665 eoas
235 600 360 665 litteras
386 604 577 686 attigissem,
602 609 707 670 111111
726 645 762 652 -
780 606 960 692 complures
983 618 1053 671 tum
1077 609 1124 674 ibi
1139 609 1208 673 dies

165 716 395 767 commoratus.
439 704 532 768 Brut.
562 709 591 786 ξ.
618 708 675 770 121
701 707 769 789 hie,
798 710 853 794 qui
882 709 916 771 in
944 707 1080 793 collegio
1103 731 1208 773 sacer-

142 827 178 868 m
203 816 305 887 esset,
329 841 370 850 —
393 802 515 869 iudicio
538 805 668 891 publico
693 820 743 873 est
766 809 1012 873 condemnatus.
1058 810 1155 874 Tusc.
1183 814 1209 892 1,

142 906 192 971 91.
238 905 353 990 (Nicht
374 905 406 987 2,
429 906 480 987 2l,
503 908 568 989 48.)
618 908 727 973 Caes.
752 911 783 974 b.
806 933 837 994 g.
859 911 894 987 5,
923 911 965 974 33
993 911 1049 996 qui
1077 951 1107 959 -
1136 932 1208 998 pro·

142 1017 216 1070 sset.
254 1009 284 1087 6,
309 1008 361 1088 36,
387 1009 413 1071 1.
440 1009 469 1084 7,
492 1008 521 1084 3,
544 1010 573 1076 3.
612 1010 642 1075 b.
667 1031 694 1073 c.
719 1012 747 1092 l,
771 1012 900 1092 64111,
925 1013 980 1097 qui
997 1051 1035 1058 ψ
1053 1015 1208 1076 exissent.

142 1108 233 1173 3111
257 1130 383 1193 semper
407 1110 515 1173 omnia
539 1148 571 1156 -
599 1110 789 1176 defuissent.
877 1111 904 1174 F
906 1112 973 1176 ehlt
996 1114 1049 1177 bei
1072 1112 1210 1194 Sallust,

142 1234 151 1272 1
178 1210 263 1274 Liv.
294 1211 350 1293 24,
377 1212 414 1293 5,
448 1212 468 1275 3
496 1232 570 1273 nam
599 1212 717 1297 qui-
741 1213 916 1294 vidissent,
950 1214 981 1277 ei
1009 1235 1209 1300 conspexere

142 1333 252 1376 ruram.
297 1311 352 1392 25,
375 1312 433 1392 41,
461 1314 497 1375 11
527 1313 580 1398 qui
604 1312 729 1377 nullum
751 1325 848 1379 antea
871 1314 1015 1378 curulem
1039 1317 1208 1398 magistra·

156 1416 321 1499 gessisset.
365 1412 425 1476 Boi
449 1414 623 1477 Tacitus
646 1437 708 1479 nur
730 1439 806 1480 ann.
828 1417 858 1499 3,
880 1417 922 1480 65
945 1418 999 1501 qui
1023 1415 1207 1480 libertatem

144 1518 226 1580 icam
256 1513 367 1579 nollet.
413 1516 519 1580 Suet.
548 1515 617 1580 Cal.
644 1518 695 1580 51.
742 1517 827 1580 Nero
856 1518 906 1580 51.
940 1555 980 1563 —
1010 1516 1135 1580 Weiter
1165 1518 1208 1582 ist

141 1627 171 1681 ts
198 1616 404 1681 beobachtet.

148 1717 216 1784 Soll
239 1716 299 1781 das
321 1717 531 1782 adversative
546 1717 752 1783 Verhahniss
775 1718 889 1782 nicht
911 1718 1147 1803 hervortreten,
1170 1743 1206 1785 1ο

142 1830 151 1882 t
173 1818 232 1882 der
255 1817 481 1901 indicativ,
505 1843 533 1882 z.
557 1819 593 1883 B.
618 1819 697 1883 Cic.
721 1820 845 1900 11117,
869 1820 1127 1906 2112111181,
1151 1821 1208 1907 qui

142 1923 252 1986 ostreis
276 1931 309 1984 et
330 1922 494 1984 muraenis
517 1919 614 1985 facile
636 1920 851 2001 abstinebam,
874 1943 894 1984 a
919 1925 993 1986 beta
1009 1933 1041 1985 et
1063 1944 1083 1985 1
1098 1921 1207 1985 malva

142 2034 218 2109 *ptus
242 2044 324 2086 sum.

148 2125 266 2206 §.aaa
297 2124 377 2187 Der
399 2123 674 2188 conditionale
699 2123 955 2188 Relativsatz
979 2126 1023 2189 ist
1045 2146 1103 2188 aus
1127 2124 1201 2188 dem

142 2251 160 2289 r.
183 2225 316 2289 indefin.
341 2248 381 2288 zu
403 2224 568 2302 erklaren,
592 2223 660 2288 also
684 2226 727 2290 ist
749 2228 805 2307 qui
826 2257 867 2278 =
888 2228 918 2304 si
940 2226 1019 2307 quie.

152 2330 177 2392 1.
203 2325 302 2390 ¹Dies
343 2327 430 2411 zeigt
468 2325 538 2390 sich
571 2327 654 2389 noch
690 2326 833 2391 deutlich
867 2329 900 2391 in
935 2327 993 2389 der
1026 2325 1205 2391 vorklassi·

142 2451 163 2493 n
185 2430 268 2504 Zeit,

147 2554 176 2594 a.
201 2553 296 2594 werm
320 2528 373 2595 die
389 2528 577 2613 Beziehung
594 2529 659 2592 111
679 2530 731 2592 111
749 2529 993 2594 Demonstrativ
1009 2550 1094 2613 ganz
1111 2527 1204 2607 fehlt,

149 2633 352 2699 Relativsatz
381 2631 579 2715 voraufgeht
605 2632 670 2695 und
698 2654 782 2715 ganz
809 2632 871 2695 wie
898 2631 949 2694 eiu
980 2631 1204 2714 Bedingungs-

153 2736 273 2821 gebaut
298 2735 358 2813 ist,
381 2754 417 2795 so
439 2732 472 2794 in
495 2731 584 2796 alten
607 2731 779 2815 Gesetzen,
803 2734 864 2797 wie
888 2756 916 2794 z.
934 2732 971 2795 B.
995 2733 1027 2794 in
1051 2732 1109 2794 der
1131 2730 1202 2794 Lex

142 2848 165 2903 t.
193 2835 312 2901 LXIX
335 2840 395 2901 14
426 2836 529 2919 (quoi)
558 2836 728 2919 pecuniam
759 2855 801 2896 ex
829 2834 888 2897 hac
918 2831 991 2917 lege
1014 2871 1053 2877 —
1078 2832 1134 2917 qui
1163 2853 1204 2895 ex

150 2938 221 3023 lege
245 2948 394 3023 quaeret,
419 2935 508 3000 darei
532 2936 616 3000 solvi
640 2936 789 3011 iouserit,
818 2935 853 2998 id
882 2945 1035 3020 quaestor
1062 2971 1100 2979 -
1125 2933 1202 2996 dato

142 3042 247 3127 itoque
271 3042 402 3120 („wenn
427 3037 485 3101 der
500 3037 636 3101 Richter
652 3037 705 3099 die
721 3036 871 3121 Zahlung
888 3035 1058 3117 anordnet,
1083 3055 1119 3098 so
1143 3032 1204 3097 soll

145 3140 308 3222 Quaestor
332 3140 493 3221 zahlen“).
540 3139 634 3203 Eben
662 3161 697 3202 so
721 3140 754 3201 in
777 3138 835 3202 der
857 3138 929 3201 Lex
952 3159 1073 3222 agras,
1101 3135 1201 3199 Rubr.

153 3243 217 3308 Jul.
246 3240 461 3325 municipalis.
506 3241 654 3305 Paetzolt
681 3240 728 3325 (S.
758 3241 791 3326 1)
819 3240 971 3304 bomerkt
998 3239 1057 3301 mit
1085 3236 1200 3318 Recht,

160 3345 250 3409 diese
267 3344 331 3408 alte
347 3343 578 3407 Construction
596 3342 687 3406 nicht
702 3340 761 3404 auf
774 3339 1042 3424 Nachlassigkeit
1057 3339 1202 3401 beruhen

142 3469 165 3529 u,
186 3445 259 3510 weil
276 3444 323 3509 sie
340 3442 532 3516 wiederholt
547 3445 581 3507 in
597 3442 771 3508 officielleu
789 3442 1013 3506 Documenten
1031 3439 1201 3505 erseheint.

142 3551 163 3611 1
187 3547 266 3610 aber
294 3545 399 3611 haben
432 3547 491 3609 wir
518 3566 580 3608 nur
607 3544 689 3609 noch
717 3546 736 3608 3
760 3542 883 3609 Stellen
912 3545 970 3606 der
999 3543 1075 3606 Art:
1105 3540 1200 3604 Eun.

142 3671 182 3715 en.
207 3651 252 3714 fr.
276 3647 296 3711 2
319 3671 352 3713 v.
375 3647 439 3713 340
467 3670 504 3710 ea
528 3646 661 3709 libertas
685 3659 748 3726 est,
772 3648 826 3732 qui
851 3645 904 3731 (=
930 3647 957 3708 'si
981 3645 1067 3730 quis)
1089 3652 1202 3729 pectus

142 3772 179 3814 un
202 3761 234 3816 et
257 3752 385 3814 firmum
408 3750 554 3833 gestitat.
600 3746 652 3810 Pl.
668 3746 753 3812 Rud.
778 3747 840 3811 382
864 3747 961 3810 etiam
985 3744 1041 3831 qui
1063 3744 1089 3807 it
1112 3743 1199 3807 lava-

155 3853 185 3917 in
207 3851 365 3933 balineas,
389 3873 485 3937 quom
508 3849 554 3912 ihi
571 3847 684 3912 sedulo
700 3872 759 3913 sua
774 3850 968 3913 vestimenta
989 3856 1110 3925 servat,
1133 3853 1199 3906 tam

142 3955 306 4041 upiuntur.
349 3954 440 4015 Asin.
463 3953 526 4015 323
549 3953 612 4015 1111
634 3951 739 4014 virtus
762 3962 822 4032 est,
846 3949 976 4035 quando
999 3954 1119 4026 ussust,
1143 3943 1200 4029 qui

142 4057 267 4121 111111
289 4055 428 4118 fortiter.
468 4055 566 4116 Dann
583 4052 822 4116 verschwindet
844 4051 933 4113 disse
949 4048 1120 4113 Sataform.

150 4156 178 4221 b.
200 4159 254 4222 An
277 4156 420 4221 anderen
444 4154 564 4220 Stellen
588 4153 671 4218 fehlt
694 4175 781 4217 zwar
802 4152 884 4215 auch
908 4150 966 4214 das
990 4148 1198 4212 Demonstra-

143 4257 186 4324 .ist
206 4258 285 4324 aber
308 4256 407 4322 sehon
431 4256 567 4320 leichter
589 4278 630 4319 uu
653 4265 832 4340 ergttnzen,
856 4274 891 4316 so
908 4249 1065 4314 aunachst
1079 4248 1199 4313 wieder

142 4358 300 4426 leuamen:
334 4360 406 4425 Sen.
430 4360 528 4424 Cous.
557 4357 598 4421 de
622 4357 783 4422 Bacchan.
811 4357 831 4419 3
859 4353 900 4416 de
929 4348 1198 4431 Bacchanalibus,

142 4460 345 4527 ifoederatei
388 4473 513 4542 essent,
548 4460 595 4524 ita
628 4456 865 4523 exdeicendum
899 4473 1064 4518 censuere.
1116 4454 1197 4517 Des·
1250 4530 1252 4535 .
