2948 4988
631 261 693 351 ‘-
737 302 800 370 sse
843 341 884 354 .-

142 478 291 543 sose.
314 473 393 536 Am.
417 471 457 537 14
479 471 521 535 de
543 471 675 535 luxuria
702 473 859 558 purgavit
880 471 1038 552 Erucius,
1067 490 1141 535 eum
1169 470 1255 535 dixit
1282 478 1340 535 ctt.

143 599 182 661 p.
222 571 346 640 Sulla
367 573 409 637 24
430 571 593 638 sustulisti
615 571 699 638 hauc
721 574 955 661 suspicionem,
985 593 1058 636 cum
1081 571 1206 637 dixisti.
1251 573 1269 636 7
1291 572 1340 637 fu·

150 682 285 740 cetus
317 696 391 740 esse
419 672 570 763 voluisti,
599 685 673 739 eum
701 711 742 723 -
771 674 895 742 dixisti.
939 696 972 761 p.
1001 673 1088 738 Mur.
1111 673 1153 737 24
1180 695 1278 760 quam
1308 684 1341 739 te

157 776 339 841 securim
361 785 457 865 putes
487 775 640 841 iniecisse
666 754 817 861 p'etitioni
846 785 938 859 tuse,
966 797 1038 841 oum
1067 772 1229 861 populum
1245 776 1284 840 R.
1307 774 1341 839 in

162 895 259 940 eum
298 886 422 943 metum
444 877 625 944 adduxisti.
669 877 721 959 21,
741 879 795 943 57.
828 901 860 964 p.
883 874 944 963 leg.
968 877 1055 942 Man.
1079 877 1137 958 20,
1159 878 1211 942 59.
1243 876 1342 943 Catil.

165 975 198 1050 2,
235 979 260 1041 1
291 977 364 1045 loeo
386 987 493 1046 motus
516 989 579 1063 est,
610 1000 683 1044 cum
713 989 763 1044 est
790 1001 832 1044 ex
860 979 941 1044 urbe
964 977 1130 1066 depulsus.
1174 979 1210 1059 3,
1234 979 1253 1043 8
1276 1000 1341 1043 me·

171 1080 301 1145 moria
328 1082 448 1146 tenetis
477 1119 515 1130 -
544 1080 727 1166 complures
756 1081 791 1145 in
819 1078 981 1168 Capitolio
1010 1103 1061 1145 res
1090 1080 1132 1145 de
1159 1078 1247 1146 caelo
1270 1101 1342 1146 esse

176 1195 382 1263 percussus,
404 1206 479 1249 cum
502 1192 534 1249 et
556 1182 730 1249 simulacra
752 1183 886 1249 deorum
901 1181 1039 1269 depulso
1061 1190 1138 1247 sunt
1160 1191 1192 1247 et
1213 1192 1270 1248 ctt.
1307 1183 1341 1247 in

164 1273 258 1380 Pie.
282 1284 316 1365 3,
341 1286 372 1350 7.
409 1307 442 1372 p.
465 1285 575 1351 Deiot.
601 1286 639 1351 13
662 1285 771 1349 omnis
792 1294 828 1350 tu
850 1285 1008 1350 Deiotaro
1030 1285 1186 1363 tribuisti,
1211 1307 1284 1349 cum
1309 1296 1342 1349 et

182 1375 257 1459 11)δί
283 1397 315 1451 21
336 1386 406 1453 11112
432 1408 550 1453 nomen
577 1388 703 1472 regium
730 1387 931 1453 concessisti.
975 1384 1060 1451 Phil.
1082 1385 1118 1465 5,
1144 1385 1341 1469 14,38111ο

187 1473 251 1542 die
277 1485 379 1573 dedit,
400 1526 444 1539 -
464 1510 538 1554 eum
561 1511 595 1554 se
617 1484 747 1555 avertit.
786 1490 816 1571 7,
831 1489 927 1579 3,,10.
954 1488 1003 1571 11,
1021 1487 1072 1570 12,
1087 1487 1128 1552 28
1151 1486 1226 1552 huic
1241 1487 1343 1572 igitur

189 1571 269 1662 ¹⁸85
296 1591 580 1677 2222110222122,
613 1613 688 1657 cum
721 1600 772 1656 est
802 1591 838 1654 12
864 1589 993 1675 Syriam
1019 1589 1196 1676 profectus.
1241 1592 1271 1671 §-
1300 1590 1343 1654 35

191 1696 333 1773 maguas
354 1691 485 1758 1112222
508 1693 672 1778 gessit-
696 1714 769 1757 eum
793 1691 909 1757 Pacori
937 1690 1132 1756 nobilissimi
1160 1691 1252 1756 ducis
1275 1712 1341 1755 ma-

191 1775 304 1857 1211222
335 1794 448 1882 copias
481 1794 569 1859 fudit
603 1792 796 1881 Syriumque
828 1793 962 1858 immuni
991 1793 1188 1858 Parthorum
1220 1794 1343 1880 impetu

193 1874 365 1962 liberavit.
403 1895 503 1962 uuas.
526 1895 557 1978 2,
585 1895 634 1979 12,
656 1896 710 1961 22.
745 1896 839 1961 srut.
862 1898 893 1976 2.
909 1896 971 1960 212
993 1918 1025 1960 u.
1042 1895 1116 1960 305.
1160 1895 1237 1961 Usu
1258 1896 1343 1962 noch

192 1977 210 2043 4
234 1985 308 2061 Mat
329 1997 363 2064 in
387 1996 450 2064 den
472 1995 606 2063 Briefen
629 2000 672 2080 (e.
695 1998 735 2063 Ε.
751 1997 928 2063 Hoffmann
950 1996 983 2062 S.
1003 1997 1086 2079 136).
1125 1996 1276 2062 Cornif.
1299 1998 1343 2061 ud

192 2079 475 2183 Her.2,12,17
509 2099 738 2183 magistratum
767 2098 903 2166 oonsilio
931 2098 1090 2184 privasti,
1124 2120 1197 2163 cum
1226 2107 1343 2186 pontes

194 2178 409 2269 dismbosti.

286 2302 495 2368 2122022222
516 2302 584 2368 und
606 2301 730 2368 Sallust
752 2302 834 2368 wird
855 2302 962 2368 nichte
986 2303 1083 2381 citirt,
1107 2303 1255 2389 degegen
1278 2325 1342 2368 von

194 2400 286 2468 2wa
308 2401 634 2493 gleichzeitigen
662 2403 901 2490 Handlungen:
930 2404 1027 2468 Bell.
1051 2403 1162 2491 Hisp.
1187 2404 1226 2468 18
1253 2402 1341 2490 quod

193 2484 355 2571 Tiberius
374 2527 450 2571 eum
471 2505 544 2573 lieri
552 2506 803 2586 bnimadvertit,
825 2509 898 2571 sinu
912 2506 1089 2592 pugionem
1105 2505 1231 2570 eduxit.
1265 2506 1342 2571 Und

193 2594 262 2666 Μὴ
282 2605 393 2675 histor.
416 2606 528 2674 Prses.
554 2608 601 2675 im
623 2607 824 2696 Hauptsstz:
855 2607 907 2673 Ib.
930 2608 950 2672 3
973 2628 1046 2672 cum
1076 2608 1117 2672 ed
1141 2628 1215 2672 eum
1236 2607 1343 2672 locum

194 2712 373 2789 venerunt,
407 2709 500 2777 iubet
527 2707 621 2775 binos
650 2710 774 2797 equites
805 2708 964 2775 incedere.
1009 2709 1169 2795 Htufiger
1196 2710 1248 2774 bei
1275 2709 1343 2773 Li-

195 2797 310 2874 vius:
330 2810 363 2893 2,
384 2810 437 2890 40,
461 2811 480 2876 'l
502 2833 582 2893 non,
605 2832 679 2876 cum
701 2811 736 2875 in
758 2820 934 2898 conspectu
956 2811 1061 2875 Romu
1082 2810 1161 2893 fuit,
1184 2811 1344 2877 succurrit

142 2942 145 3001 3
195 2905 270 2969 ⁴?
289 2911 321 2994 4,
343 2913 396 2996 00,
419 2912 439 2976 8
462 2933 536 2979 cum
559 2946 598 2963 -ε
621 2912 720 2995 vidit,
743 2923 877 2999 repente
900 2949 938 2961 -
962 2922 1128 2978 certamen
1155 2923 1205 2978 est
1227 2922 1342 2978 ortum.

142 3014 146 3049 ³
197 2993 267 3074 1111
287 3013 399 3080 histor.
424 3014 581 3080 Praesens
604 3016 647 3078 im
665 3013 865 3102 Hsuptsatz:
887 3016 920 3097 4,
935 3015 988 3096 44,
1010 3014 1049 3078 10
1070 3035 1144 3080 cum
1168 3013 1238 3079 dies
1254 3017 1345 3080 venit

198 3132 236 3151 ··
265 3113 449 3181 damnetur.
485 3115 761 3203 1111102212221121
782 3116 925 3181 Perieoti
945 3117 990 3181 im
1013 3115 1227 3202 regierenden
1247 3115 1343 3182 Satn:

197 3196 432 3296 6220422212
454 3217 525 3283 dies
548 3219 648 3296 venit,
671 3236 754 3304 quae
776 3230 906 3306 praeter
928 3227 1040 3284 coetus
1063 3217 1282 3283 multitudinis
1303 3256 1345 3265 —

199 3298 330 3384 thiasus
361 3319 430 3384 2121
456 3341 529 3403 reo,
563 3310 651 3407 apud
685 3321 848 3384 neminem
876 3329 1040 3385 auctorem
1073 3319 1217 3385 invenio.
1268 3319 1344 3404 (Ale

201 3396 354 3486 111022212
375 3420 587 3506 verdcchsig:
613 3420 666 3504 22,
688 3421 740 3504 36,
763 3422 785 3486 4
806 3444 878 3487 cum
901 3432 1081 3510 pugnatum
1102 3422 1191 3507 apud
1214 3421 1345 3487 022222

202 3514 282 3602 st)
312 3522 365 3606 22,
391 3522 442 3605 14,
468 3522 507 3588 12
529 3545 603 3588 cum
624 3522 686 3589 sub
709 3523 821 3609 iugum
844 3525 936 3589 missi
958 3546 1081 3606 sumus,
1102 3559 1145 3572 -
1167 3513 1345 3610 imposuit?

160 3678 163 3683 ,
204 3601 357 3719 132205
377 3624 413 3689 12
435 3633 570 3712 questus
586 3625 672 3689 enim
687 3623 824 3708 flebiles,
848 3648 922 3691 cum
938 3624 1069 3691 sibimet
1087 3624 1153 3713 ipsi
1176 3624 1345 3691 consulere

161 3730 165 3737 '
205 3722 390 3821 19212221,
413 3747 487 3793 sese
508 3726 733 3813 profuderunt.
770 3727 823 3811 29,
839 3728 891 3808 31,
910 3729 950 3792 10
968 3750 1040 3793 cum
1062 3764 1105 3776 -
1128 3736 1262 3792 ventum
1275 3730 1345 3810 221,

171 3910 174 3917 Ι
207 3825 310 3893 m⁸sit
344 3828 501 3913 30,44,1
524 3834 599 3896 tunc
619 3828 714 3894 flesse
737 3829 856 3908 decuit,
879 3850 954 3896 oum
976 3829 1130 3915 adempta
1151 3827 1344 3894 2222122012

211 3928 305 3995 ”ma
338 3931 393 4015 34,
407 3932 438 4013 3,
462 3932 481 3995 7
504 3930 562 3996 sed
584 3939 693 3996 temen
715 3952 789 3996 cum
811 3931 875 3997 fuit
897 3930 980 4018 („als
1003 3931 1062 3995 der
1084 3929 1157 3996 Pell
1179 3930 1343 4016 sintrat“),

216 4028 348 4127 3⁸⁸⁸*ss
368 4032 444 4100 boc.
487 4033 615 4117 45,·34,
641 4033 681 4096 10
703 4055 777 4098 cum
799 4033 879 4098 haec
900 4071 942 4082 -
963 4042 1057 4119 gesta
1078 4041 1166 4115 sunt,
1189 4032 1289 4117 legati
1306 4068 1344 4078 —

220 4132 248 4181 Ἀ
265 4131 373 4203 mum
394 4145 625 4224 pervenerunt.
670 4135 727 4218 45,
752 4135 808 4220 12,
833 4136 872 4200 10
893 4157 967 4201 cum
994 4132 1176 4220 legionibus
1205 4134 1248 4199 ed
1270 4154 1345 4199 eon-

224 4233 398 4305 'fflieudum
439 4238 528 4303 diem
559 4235 664 4320 dixit,
701 4259 768 4303 non
806 4238 973 4324 auspicato
1012 4237 1169 4324 templum
1201 4237 1345 4305 intravit.

228 4316 298 4404 11112
326 4338 412 4407 diem
439 4339 563 4406 dictum
590 4360 663 4404 esse
690 4360 844 4425 augures,
866 4361 941 4405 eum
969 4339 1011 4403 ad
1040 4361 1094 4404 eos
1121 4336 1258 4403 relatum
1287 4347 1345 4417 eet,

230 4420 433 4512 laeserunt.
467 4443 521 4524 42,
545 4443 577 4527 5,
600 4443 619 4507 8
642 4464 716 4507 cum
738 4442 986 4529 -.nuntiatum
1008 4450 1067 4520 est,
1090 4441 1235 4527 Appium
1249 4439 1347 4506 Olau-

190 4558 193 4563 ’
317 4576 322 4583 -
1142 4547 1194 4597 34⁸
