2948 4988
617 287 849 353 ‚2244-

158 460 242 523 natis
276 483 340 524 non
370 458 525 524 inducitis
553 459 588 523 in
616 460 772 524 animum.
817 457 993 524 Unsieher:
1031 459 1084 541 27,
1106 457 1184 541 9,9

159 559 308 625 eonsules
330 562 363 624 in
387 570 500 626 senatu
524 570 559 626 ut
580 561 831 647 pronuntiarent
851 562 885 625 in
907 561 1053 624 animum
1067 561 1214 627 inducere

159 671 293 749 possent
316 663 381 746 (wo
404 662 483 726 aber
506 661 672 726 vielleieht
693 667 729 727 ut
750 686 792 727 zu
819 661 982 726 streiohen
1002 663 1071 726 und
1091 683 1214 744 pronae

159 786 201 828 au
228 762 318 827 lesen
347 764 415 849 ist).
460 765 550 863 011000
572 766 662 829 nicht
683 764 735 845 44,
760 765 810 842 14,
834 764 865 847 7,
893 784 943 827 wo
970 768 1006 830 ut
1032 786 1098 828 von
1119 769 1214 846 peter:

158 865 273 950 hangt.
318 865 432 930 Oefter
454 865 535 930 liisst
551 864 673 953 jedoch
692 865 808 929 Livius
831 887 896 930 von
918 863 1049 930 solchen
1072 864 1214 952 Hauptsi

159 966 222 1030 den
252 964 380 1032 blossen
403 966 497 1031 Infin.
526 966 716 1053 abhangen,
745 965 837 1031 nieht
864 965 927 1030 den
950 968 1069 1032 Aecus.
1092 989 1120 1032 0.
1144 968 1214 1050 inf,

159 1067 273 1132 l'riiher
294 1069 346 1152 42,
369 1070 422 1152 24,
446 1069 466 1132 8
490 1068 687 1155 (observari)
714 1068 846 1154 gelesen
876 1066 975 1132 ward.
1020 1068 1203 1154 Capitol.

160 1169 244 1236 Phil.
270 1172 318 1234 17.
361 1168 573 1256 Ueberhaupt
599 1171 642 1235 ist
669 1170 728 1234 der
749 1169 845 1234 Inlin.
869 1171 903 1234 in
930 1167 1015 1235 allen
1038 1170 1214 1236 Zeitalterr

159 1272 387 1336 briiuehliehor
420 1293 578 1357 genesen.
629 1274 724 1336 Auch
752 1270 855 1336 findet
882 1270 952 1336 sich
979 1271 1064 1338 nach
1092 1275 1129 1337 in
1156 1275 1214 1339 ant

160 1374 305 1438 iuducere
327 1373 386 1437 der
400 1374 518 1437 Aecus.
534 1396 562 1438 0.
578 1372 650 1453 inf,
674 1372 754 1436 aber
775 1374 809 1437 in
832 1372 891 1438 der
906 1372 1102 1458 Bedentung
1115 1375 1214 1456 „meir

245 1473 319 1539 Von
341 1474 405 1537 den
427 1475 487 1539 mit
507 1475 670 1540 casalium
687 1473 876 1560 gebildeten
891 1474 1037 1539 Phraseu
1053 1475 1156 1540 bietet
1171 1475 1214 1540 dir

161 1577 236 1640 Zeit
257 1599 319 1640 nur
342 1577 415 1640 eine
437 1577 496 1640 mit
516 1581 567 1641 ut:
604 1574 730 1641 Plaut.
754 1575 856 1642 Stich.
880 1577 920 1641 73
947 1597 1053 1664 neque
1079 1587 1116 1642 tu
1141 1586 1180 1642 ut
1202 1578 1214 1643 1

161 1676 334 1742 eonsilium
369 1677 469 1756 dabo,
504 1700 617 1743 verum
645 1687 682 1742 ut
710 1699 893 1743 exoremus.
929 1716 971 1726 -
1007 1677 1090 1743 Cio.
1111 1678 1214 1744 Ata&

160 1779 269 1844 subito
292 1779 464 1844 consilium
487 1780 559 1865 cepi
581 1789 627 1860 ut,
649 1788 826 1866 antequam
848 1779 979 1859 luceret,
1003 1779 1134 1845 exirem.
1173 1779 1214 1843 lar

157 1885 189 1962 2,
213 1881 232 1943 2
260 1880 431 1945 consilium
460 1880 501 1944 do
529 1919 570 1928 -
598 1890 634 1945 ut
662 1881 814 1946 vitemus
860 1883 909 1965 11,
935 1883 1030 1965 10,4
1057 1881 1195 1947 oonsilia

158 1985 223 2047 sint
253 2002 385 2046 necesse
418 1991 468 2046 est
495 2019 535 2029 -
566 1992 609 2046 ut.
656 1983 780 2064 15,15,
806 1986 822 2046 1
854 1982 995 2047 adduxit
1023 1982 1066 2047 ad
1088 1983 1124 2047 id
1147 2005 1214 2048 corn

158 2109 189 2171 p.
213 2083 298 2148 Tull.
322 2084 365 2149 34
392 2105 481 2148 cons.
510 2085 645 2170 capiunt
673 2095 719 2149 ut.
768 2084 820 2148 Zu
852 2085 914 2149 den
943 2083 1154 2149 Finalstttzen
1186 2106 1214 2169 gs

157 2185 238 2250 aber
265 2184 351 2250 wohl
379 2207 412 2251 eo
439 2186 568 2251 00001710
591 2191 645 2250 ut:
682 2186 751 2250 Cio.
774 2186 829 2250 lin.
855 2187 884 2266 1,
906 2185 957 2268 21,
980 2186 1030 2251 72.
1076 2186 1189 2251 Caes.
1212 2185 1214 2192 '

161 2290 189 2370 1,
205 2288 257 2356 48.
280 2289 310 2371 2,
326 2287 354 2350 9.
377 2289 407 2368 5,
424 2287 454 2351 6.
478 2323 519 2334 -
541 2286 636 2352 Sall.
660 2288 737 2372 Jug.
761 2288 811 2368 85,
835 2288 854 2352 8
877 2309 915 2352 ea
937 2297 973 2352 ut
995 2297 1130 2374 accepta
1153 2309 1214 2353 mer

158 2389 323 2470 deseram,
357 2411 422 2453 non
454 2399 504 2454 est
536 2389 719 2453 consilium.
769 2389 856 2454 Liv.
883 2388 934 2471 25,
961 2389 1013 2471 34,
1042 2390 1059 2453 7
1094 2396 1214 2453 temera

158 2492 246 2578 capit
281 2488 454 2555 consilium
482 2499 519 2554 ut
546 2503 642 2556 noete
664 2488 806 2554 Indebili
834 2489 965 2555 obviam
992 2490 1067 2555 iret.
1113 2513 1164 2576 ep.
1186 2492 1214 2554 3<

157 2592 199 2658 ad
229 2590 401 2657 consilium
431 2593 535 2679 prima
563 2593 672 2678 speeie
699 2593 905 2657 temerarium
932 2589 1037 2676 magis
1064 2613 1163 2676 quam
1192 2614 1214 2656 a

157 2695 302 2758 animum
323 2692 446 2758 adiecit
467 2703 503 2758 ut
527 2729 564 2739 -·
589 2702 802 2780 oppugnaret.
848 2691 939 2778 Nep.
963 2692 1013 2773 18,
1037 2693 1066 2771 3,
1090 2695 1120 2758 5.
1158 2694 1214 2758 Lat

162 2798 268 2879 16,17
290 2796 435 2861 inierunt
457 2792 629 2859 consilium
652 2795 878 2859 detestandum
898 2803 934 2858 ut
949 2795 1117 2880 privarent
1133 2816 1205 2859 enm

159 2896 345 2982 Uebrigens
368 2897 410 2960 ist
433 2896 487 2962 die
503 2896 735 2961 Construction
757 2897 817 2961 mit
839 2896 912 2960 dem
928 2896 1023 2960 Infin.
1046 2895 1126 2961 oder
1147 2898 1205 2960 mit

159 3001 280 3063 Genet.
302 2997 455 3083 gerundii
478 2997 757 3085 gebrauchlicher.

244 3104 274 3181 ξ.
286 3099 359 3164 393.
394 3099 611 3180 Erlauben,
628 3099 877 3185 nachgeben,
898 3099 1060 3180 dulden,
1077 3098 1212 3183 gewth

159 3203 222 3267 Die
244 3202 380 3265 meiston
403 3200 489 3265 dazu
511 3199 691 3286 gehdrigen
714 3200 825 3265 Verba
847 3200 956 3266 finden
986 3201 1056 3265 sich
1085 3202 1144 3266 mit
1171 3205 1205 3266 ut

162 3306 224 3368 seit
246 3304 304 3367 der
326 3300 531 3366 klassischen
553 3302 638 3366 Zeit.

243 3405 433 3470 Promittere.
471 3404 552 3469 Cic.
569 3403 609 3467 de
626 3425 670 3470 00.
686 3403 716 3485 2,
732 3403 773 3467 90
788 3405 859 3491 quis
875 3403 1020 3470 Antonio
1038 3404 1187 3489 permisit
1207 3426 1214 3468 ι

157 3505 304 3570 faceret?
327 3529 357 3591 p.
370 3504 454 3570 Tull.
472 3510 502 3587 ξ.
516 3506 567 3573 47.
581 3506 630 3570 50.
654 3504 731 3570 Und
747 3506 840 3570 51100.
874 3507 944 3570 Αο0
962 3504 1135 3569 derselben
1151 3505 1214 3570 Zei

159 3607 240 3672 noch
253 3609 288 3671 in
297 3606 354 3671 der
365 3606 515 3670 lexJulia
524 3607 679 3693 municip.
691 3606 783 3692 (oder
795 3606 859 3670 tab.
868 3605 1014 3691 Heracl.)
1027 3606 1084 3671 des
1091 3606 1211 3672 Caesar

158 3709 335 3796 permissus
351 3719 411 3791 001,
426 3708 498 3788 fuit,
514 3720 550 3774 ut
565 3708 654 3794 leges
670 3709 888 3795 municipibus
905 3707 1010 3774 daret.
1032 3709 1116 3773 Liv.
1130 3708 1160 3788 6,
1172 3707 1213 3773 25

160 3813 322 3896 missoque
351 3822 386 3876 ut
414 3832 455 3874 ex
484 3808 617 3895 collegia
645 3819 780 3896 optaret.
825 3811 878 3892 22,
901 3811 942 3874 37
969 3811 1214 3897 permissumque

157 3925 193 3979 ut
218 3951 255 3961 -
279 3917 312 3977 in
335 3912 482 3978 Africam
505 3913 678 3978 traiiceret.
715 3913 767 3996 28,
789 3913 832 3976 39
856 3911 975 3976 donum
998 3912 1188 3999 permittere
1208 3936 1214 3973 ι

159 4015 320 4101 Capitolio
344 4024 510 4100 ponerent.
556 4016 608 4094 34,
631 4015 671 4079 31
694 4016 740 4079 ibi
763 4016 922 4099 permisso
943 4024 980 4079 ut
1001 4015 1066 4097 (uo
1089 4013 1214 4080 aberD

158 4119 217 4181 das
242 4121 275 4180 ut
296 4116 454 4201 streicht).
499 4117 550 4194 38,
576 4117 615 4179 10
639 4116 862 4201 permissoque
884 4127 920 4180 ut
942 4154 981 4163 —
1004 4117 1100 4180 irent.
1135 4116 1214 4181 ‘Die

159 4218 321 4282 Satzform
344 4216 526 4300 gebraueht
547 4217 703 4299 Curt.8,
721 4219 770 4302 12,
793 4219 812 4282 6
835 4219 1057 4304 permissoque
1080 4225 1117 4282 ut
1139 4239 1214 4303 regn

158 4318 289 4402 Nepos
308 4319 356 4396 14,
376 4318 460 4399 10,1
485 4320 513 4383 si
536 4320 566 4382 ei
588 4341 646 4384 rex
669 4322 871 4406 permitteret
885 4328 932 4399 ut,
955 4317 1175 4405 quodcunque
1191 4344 1212 4386 v

161 4417 272 4484 liceret
294 4419 427 4505 impune
450 4420 569 4491 facere,
609 4421 656 4502 15,
674 4421 703 4505 8,
722 4422 737 4484 1
754 4422 870 4507 quibus
886 4419 941 4485 ille
957 4421 1107 4506 permisit
1122 4431 1160 4486 ut
1175 4444 1214 4487 on
