2924 4994
606 328 837 394 -410-

154 500 219 561 Am
240 497 425 583 bitufigsten
448 498 513 562 und
537 499 571 561 in
594 498 841 582 munnigfacher
864 498 961 562 Form
986 498 1039 562 bei
1062 498 1212 562 Livius
1234 520 1281 561 un

154 621 241 663 zwar
263 600 346 664 nach
370 602 460 682 quid,
476 602 548 679 wi,
565 606 635 682 qut,
659 602 825 682 quomodo,
848 602 975 682 quomo
991 648 1000 681 ,
1018 621 1086 682 aar,
1109 620 1163 681 aa,
1186 619 1281 664 auum

154 722 212 781 aa,
240 707 348 766 aarum
370 739 411 749 —-
434 723 494 784 aa,
523 703 578 767 ubi
604 701 671 764 und
699 703 752 766 ein
774 699 842 765 Mal
871 700 955 765 ohne
985 701 1194 784 Fragewort3
1228 699 1274 779 2,’

152 826 228 867 nam
252 802 347 868 aliter
368 803 425 890 qui
447 803 627 868 credituros
650 804 729 867 eos?
752 803 853 886 („wie
869 806 916 867 sie
932 812 1023 867 sonet
1035 801 1179 887 glauben
1194 800 1281 865 kbnr

153 904 272 989 ten?“)
316 905 352 985 3,
375 905 417 970 39
451 905 529 991 quid
559 907 645 968 enim
673 927 738 969 eos·
757 926 814 990 per
841 902 998 992 populum
1025 901 1157 988 egisse?
1201 903 1281 984 3,4

153 1027 266 1070 eamne
288 1005 465 1071 liberorum
488 1007 763 1092 procreandorum
785 1004 1026 1088 condicionem,
1054 1026 1092 1070 ea
1123 1005 1281 1091 pudicitia

152 1109 297 1195 praemia
320 1110 414 1173 esse?
458 1109 488 1188 4,
511 1108 532 1171 2
555 1108 635 1194 quid
658 1107 748 1173 aliud
771 1130 868 1194 quam
889 1107 1007 1172 minari
1030 1105 1093 1169 -?
1126 1105 1208 1193 quid
1231 1127 1281 1169 ear

153 1231 265 1275 vocem
288 1212 470 1274 animorum
493 1248 533 1256 -
556 1209 750 1274 Veientibus
779 1208 985 1274 adlaturam?
1014 1230 1121 1274 nonne
1143 1206 1281 1273 Canulei

154 1310 236 1376 duce
271 1335 305 1377 se
339 1321 523 1397 speraturos
552 1310 750 1398 Capitolium
779 1349 821 1357 —
850 1312 1004 1374 scandere
1032 1309 1154 1395 posse?
1198 1309 1281 1392 4,4

154 1411 284 1498 placere
306 1435 407 1499 remp.
430 1414 592 1499 opprimi?
622 1411 719 1494 (ohne
742 1411 958 1496 Fragewort).
1002 1413 1033 1495 5,
1056 1412 1100 1475 25
1132 1433 1195 1477 cur
1215 1411 1281 1476 enir

156 1513 284 1599 plebem
306 1513 447 1598 relegari
469 1515 503 1577 in
526 1513 686 1579 Volscos?
716 1514 747 1592 6,
771 1515 811 1578 37
836 1537 877 1578 an
900 1515 965 1578 iam
988 1514 1144 1577 memoria
1168 1513 1278 1578 exisse

154 1617 184 1696 7,
207 1618 228 1679 4
256 1616 344 1703 quod
376 1627 512 1680 naturae
535 1617 688 1681 damnum
710 1625 818 1679 utrum
841 1615 1051 1680 nutriendum
1073 1616 1161 1702 patri
1184 1637 1228 1679 an
1250 1634 1281 1677 ca

154 1717 341 1801 stigandum
365 1716 488 1781 fuisse?
533 1717 626 1781 Eben
650 1741 685 1783 so
707 1717 827 1799 45,19,
847 1718 885 1782 15
906 1717 1029 1803 (utrum
1055 1755 1092 1764 -
1116 1738 1177 1797 an,
1200 1737 1241 1781 ne
1261 1753 1281 1766 -

155 1817 223 1904 an).
256 1820 285 1902 7,
304 1819 341 1882 1ss
363 1818 441 1904 quid
458 1818 580 1904 (wozu)
595 1842 630 1884 se
654 1821 784 1900 vivere,
808 1817 887 1905 quid
909 1820 943 1883 in
966 1828 1059 1905 parte
1081 1819 1205 1882 civium
1228 1838 1281 1882 cen

157 1919 245 1984 seri?
289 1920 320 2002 8,
343 1921 383 1984 31
408 1920 485 2005 quid
509 1918 600 1984 illum
622 1920 784 1985 facturum
807 1919 921 1998 luisse,
945 1922 973 1984 si
995 1919 1060 1982 -?
1105 1920 1136 2002 8,
1159 1920 1202 1984 33
1224 1919 1280 2005 qui

155 2043 330 2106 passurum
362 2021 465 2085 fuisse
498 2019 617 2102 filium,
654 2024 681 2087 si
703 2021 769 2084 —?
812 2022 864 2101 21,
886 2023 928 2087 53
957 2023 1036 2107 quid
1065 2018 1189 2108 (wozu)
1216 2019 1281 2086 enir

156 2123 242 2186 ultra
275 2122 400 2187 differri
431 2132 488 2187 aut
517 2125 579 2187 teri
613 2125 764 2210 tempus?
813 2124 869 2204 24,
898 2123 939 2188 26
973 2126 1025 2188 cui
1057 2123 1197 2186 dubium
1229 2142 1281 2184 ess

156 2226 233 2310 quin
255 2227 319 2290 —?
364 2225 417 2308 26,
439 2225 482 2290 35
508 2247 572 2311 quo
595 2226 690 2290 modo
713 2235 769 2289 aut
792 2225 938 2290 Siciliam
961 2224 1103 2290 obtineri
1123 2234 1183 2288 aut
1205 2221 1281 2288 Itali

157 2324 345 2413 Philippum
367 2328 471 2391 arceri
494 2325 614 2412 posse?
659 2326 712 2408 28,
727 2328 769 2390 24
791 2325 870 2412 quid
892 2348 964 2390 sese
987 2327 1072 2391 inter
1094 2335 1231 2413 pacatos
1252 2325 1281 2388 fa

155 2450 244 2506 cere,
267 2450 326 2491 cur
348 2429 380 2491 in
402 2427 533 2492 ltaliam
553 2451 616 2492 non
636 2428 774 2492 revehi?
812 2428 865 2510 38,
883 2428 925 2492 59
947 2428 982 2492 id
1003 2427 1061 2493 ubi
1083 2449 1155 2491 esse
1176 2427 1281 2512 regim

78 2595 81 2599 .
155 2528 298 2594 aurum?
323 2569 360 2575 —
385 2527 455 2593 Nur
477 2551 518 2593 an
542 2530 610 2593 drei
627 2528 750 2594 Stelleu
773 2539 860 2593 ware
882 2529 936 2593 bei
960 2528 1204 2594 directerRede
1227 2528 1281 2593 deu

155 2632 238 2697 noch
273 2631 326 2695 die
357 2633 496 2695 aweite
525 2632 647 2695 Person
676 2655 717 2694 zu
744 2642 919 2696 erwarten:
947 2632 983 2713 4,
1006 2632 1064 2710 43,
1090 2631 1130 2695 10
1152 2653 1194 2695 an
1215 2628 1281 2694 bell

155 2735 311 2798 intestino
341 2732 462 2797 bellum
491 2743 661 2798 externum
683 2731 952 2820 propulsaturos?
975 2733 1033 2818 (im
1057 2732 1238 2797 Anscbluss
1258 2751 1281 2793 ar

157 2837 238 2900 zwci
262 2834 529 2919 voraufgehende
544 2833 801 2914 Infinitivsatze,
818 2837 850 2898 in
874 2835 979 2899 denen
995 2835 1048 2898 die
1064 2835 1163 2899 dritte
1180 2834 1281 2898 Perse]

156 2936 249 3024 Subj.
266 2937 334 3019 ist).
365 2937 396 3017 6,
412 2937 464 3017 39,
484 2938 523 3000 10
545 2959 628 3023 quae
643 2958 777 3000 munera
799 2938 925 3018 quaudo
948 2938 1080 3000 tandem
1103 2937 1183 3000 satis
1205 2942 1276 3020 grat

157 3040 264 3111 animo
293 3041 532 3103 aestimaturos.
577 3037 684 3118 (Dooh
713 3038 879 3103 vielleicht
906 3040 940 3101 in
964 3039 1080 3103 dritter
1102 3038 1225 3102 Person
1245 3056 1281 3120 ge

157 3139 271 3222 dauht,
295 3161 319 3203 s.
344 3139 554 3224 Weissenb.).
600 3141 650 3218 45,
677 3140 726 3218 19,
752 3141 791 3204 15
818 3150 928 3203 utrum
951 3140 1037 3203 enim
1058 3151 1187 3226 partem
1208 3159 1281 3222 regt

159 3244 335 3326 petiturum
359 3264 431 3305 esse
454 3265 494 3306 an
518 3251 621 3305 totum
646 3243 857 3327 erepturum?
901 3242 961 3325 (Es
990 3242 1072 3304 wird
1098 3241 1197 3306 keine
1219 3243 1281 3306 Aut

158 3352 239 3407 wort
263 3352 430 3422 erwartct,
455 3342 596 3407 sondern
618 3343 678 3407 der
700 3343 780 3407 Sinn
803 3343 863 3407 ist:
894 3344 938 3405 du
966 3342 1089 3406 kaunst
1110 3342 1223 3406 weder
1243 3339 1281 3404 du

157 3446 230 3508 eine
252 3444 337 3509 noch
359 3445 418 3509 das
441 3444 586 3529 undere.)

242 3582 349 3647 Curt.
373 3583 405 3660 4,
428 3582 458 3659 2,
485 3581 524 3645 16
547 3602 629 3664 quac
651 3601 732 3644 saxa
754 3592 818 3644 tam
842 3590 936 3646 vasta
958 3618 998 3628 -
1021 3603 1120 3666 posse
1142 3579 1275 3669 reperiri

156 3686 189 3765 4,
211 3685 285 3764 5,5
314 3681 447 3769 quando
475 3683 663 3745 aditurum?
697 3683 795 3770 Tac.
819 3684 850 3746 h.
876 3687 903 3762 1,
925 3682 976 3749 50.
1011 3682 1040 3760 2,
1063 3683 1117 3746 48.
1143 3685 1195 3750 75.
1229 3703 1281 3747 aur

160 3789 188 3866 l,
215 3785 263 3847 17.
286 3784 338 3848 26.
377 3783 451 3865 2,2
479 3779 546 3845 und
569 3783 663 3847 diter.
708 3784 825 3869 Apul.
850 3793 925 3847 met.
948 3785 985 3864 4,
1012 3785 1046 3847 ll
1072 3805 1133 3848 cur
1156 3785 1241 3849 enim
1263 3820 1281 3830 -

160 3885 318 3950 latronem
342 3885 577 3970 supervivere?

239 3990 312 4085 ¹Nur
335 4021 387 4085 bei
411 4021 547 4103 Caesar,
575 4020 690 4084 Livius
714 4020 780 4083 und
806 4022 941 4084 Tacitus
964 4019 1103 4102 kommt,
1128 4045 1225 4087 wenn
1247 4021 1281 4085 du

160 4123 298 4211 Subjcct
321 4121 380 4185 der
403 4124 547 4187 directen
564 4122 671 4207 Frage
695 4122 747 4186 dio
770 4120 896 4186 dritte
912 4121 1032 4186 Person
1050 4131 1155 4204 ware,
1177 4146 1221 4190 an
1243 4146 1281 4190 w<

157 4227 256 4310 nigen
280 4222 402 4289 Stellen
426 4224 484 4287 der
507 4225 754 4309 Oonjunctiv
778 4246 846 4303 vor,
870 4226 934 4287 und
959 4246 1048 4287 awar

244 4383 272 4425 a.
296 4381 390 4423 wenn
418 4360 476 4423 dcr
498 4359 638 4423 Modus
668 4361 725 4424 der
756 4359 900 4423 directen
923 4359 1030 4444 Frage
1059 4360 1113 4423 ein
1143 4363 1281 4430 dubita

160 4462 268 4526 tiver
297 4461 543 4547 Oonjunctiv
578 4470 677 4525 ware:
712 4461 823 4526 ans.
847 4462 878 4526 b.
900 4483 932 4545 g.
960 4465 992 4542 l,
1015 4461 1058 4525 43
1090 4461 1127 4525 id
1157 4466 1202 4530 iis
1227 4466 1281 4553 erip
