2924 4994
610 337 644 347 ν
695 300 841 364 232-

152 479 239 533 teret
268 468 344 533 Zeit
378 468 467 534 kann
505 470 558 535 ich
586 470 692 537 nichts
720 466 880 534 anftihren
910 466 957 532 als
986 469 1068 533 zwei
1095 467 1218 535 Stellen
1245 490 1270 532 n

153 570 253 651 quod:
275 568 361 633 Plin.
388 592 442 656 ep.
466 570 497 651 8,
512 572 602 655 24,8
624 572 692 637 und
714 568 857 635 Trebell.
881 567 997 634 Claud.
1018 571 1050 635 5.

237 673 266 751 ὅ.
282 670 356 735 387.
386 670 464 736 Wie
485 674 618 756 aceedit,
641 671 728 738 steht
750 672 938 754 adiuuqitur
960 671 1012 736 bei
1036 670 1115 736 Cic.
1131 670 1195 757 leg.
1211 670 1270 737 Ma

155 773 204 855 17,
226 771 269 838 ῦΟ
297 793 370 835 cum
398 811 439 822 -
468 773 548 838 baeu
581 795 711 862 quoque
738 773 965 861 opportunitas
989 772 1188 858 adiungetur
1210 782 1270 838 ut,

153 875 194 938 iis
220 873 299 958 ipsis
322 872 402 939 locis
425 874 514 940 adsit
535 886 593 942 ett.
617 877 669 941 off.
692 876 722 958 2,
740 874 788 954 12,
804 874 846 938 42
867 875 1022 940 adiuncto
1046 896 1123 940 vero
1146 886 1184 941 ut
1202 874 1270 941 iide

157 976 254 1040 etiam
288 975 466 1062 prudentes
499 978 714 1059 haberentur,
748 974 828 1040 nihil
855 984 927 1040 erat
953 973 1041 1062 quod
1068 985 1123 1043 ott.
1159 977 1248 1057 (ie.

157 1099 235 1142 vero
261 1078 455 1142 accessisset
482 1081 544 1159 ut).
587 1078 683 1144 Auoh
706 1079 841 1144 adiicere
869 1077 922 1141 bei
945 1076 1034 1141 Liv.
1057 1076 1088 1158 2,
1110 1076 1162 1159 27,
1184 1077 1270 1165 10q

153 1217 194 1227 —
217 1178 260 1243 ad
282 1176 317 1243 id
339 1180 426 1266 quod
450 1179 491 1245 de
514 1180 641 1246 eredita
663 1179 803 1267 pecunia
824 1182 874 1244 ius
890 1201 954 1244 non
971 1178 1121 1261 dixisset,
1144 1177 1269 1243 adiieer

149 1291 187 1344 ut
215 1303 255 1345 ne
284 1279 445 1346 delectum
474 1283 606 1371 quidem
628 1303 671 1346 ex
693 1281 725 1346 S.
748 1281 783 1346 O.
807 1280 951 1346 baberet.
997 1280 1088 1345 Aber
1110 1281 1228 1346 addere
1248 1303 1270 1344 n

151 1382 238 1467 giert
264 1386 301 1447 stt
327 1405 389 1447 nur
416 1386 464 1450 als
487 1385 632 1452 Verbum
654 1382 785 1448 dicendi
812 1383 872 1447 mit
892 1381 1033 1466 Angabe
1059 1380 1120 1444 der
1144 1380 1270 1448 Willenr

153 1483 319 1568 richtung.

237 1588 269 1666 §-
292 1585 366 1650 388.
410 1587 454 1652 So
476 1597 536 1673 gut
557 1590 621 1653 wie
643 1588 764 1672 efficere
786 1586 853 1650 und
869 1586 1036 1668 perficere,
1062 1583 1195 1651 werden
1217 1607 1270 1651 au·

153 1686 208 1751 die
229 1686 368 1772 iibrigen
383 1686 495 1755 Verba
510 1689 568 1754 des
584 1688 836 1766 Bewirkens,
860 1686 1127 1769 Erreichens,
1151 1686 1270 1753 Dure:

79 1852 81 1856 ,
153 1799 333 1871 setzens,
357 1788 573 1876 Zwingens
596 1792 657 1856 mit
678 1795 715 1856 ut
734 1788 942 1872 verbunden3
965 1809 1023 1853 aus
1046 1787 1107 1852 der
1121 1788 1211 1854 alten
1227 1788 1270 1853 Z·

155 1887 286 1952 werden
309 1887 388 1953 aber
410 1913 472 1956 nur
493 1891 620 1979 wenige
642 1891 832 1977 angefiihrt:
863 1889 990 1954 Plaut.
1013 1888 1134 1954 Bacch.
1155 1888 1219 1954 533
1240 1889 1270 1954 is

29 2061 33 2068 .
147 1991 276 2074 petraei
306 2001 343 2054 ut
371 2012 413 2055 ne
446 2031 487 2040 —
524 2003 721 2059 suscenseat.
772 1992 870 2080 Most.
897 1990 960 2056 789
987 1990 1155 2077 antiquom
1182 1991 1270 2074 opa‘fl

154 2090 216 2157 hoc
239 2102 350 2174 tunm,
373 2094 487 2159 turdus
513 2105 548 2160 ut
570 2097 625 2160 sis.
663 2095 794 2161 Sodann
809 2093 881 2160 drei
896 2091 1016 2176 Verba,
1039 2091 1093 2157 die
1115 2092 1270 2177 zwing-

154 2193 332 2258 bedeuten:
356 2193 411 2258 Pl.
435 2194 533 2260 Most.
549 2197 612 2262 893
634 2218 739 2281 eoyere
760 2218 811 2261 me
833 2206 870 2259 nt
891 2192 952 2259 tibi
974 2190 1182 2258 maledicam.
1211 2192 1270 2258 M-

153 2294 214 2359 877
250 2316 301 2358 me
330 2306 453 2380 cogunt
482 2306 518 2362 ut
547 2296 675 2362 validus
702 2298 872 2362 insaniam.
917 2294 983 2358 mil.
1008 2293 1090 2358 1006
1120 2317 1173 2360 rne
1200 2295 1270 2360 adi

155 2417 190 2459 se
212 2405 249 2461 ut
269 2417 385 2460 amem.
423 2396 543 2463 Pseud.
567 2401 585 2462 7
613 2399 791 2464 necessitas
818 2417 870 2460 me
891 2397 1007 2479 subicit
1033 2405 1071 2460 ut
1092 2406 1126 2460 te
1146 2396 1270 2482 regite

153 2496 252 2562 Most.
276 2496 339 2562 918
368 2498 424 2584 qui
452 2498 569 2585 subegi
599 2501 730 2565 faenore
758 2507 929 2583 argentum
956 2495 999 2561 ab
1028 2495 1159 2562 danista
1186 2505 1223 2563 ut
1243 2516 1270 2560 ι

153 2607 263 2663 meret.
311 2600 392 2663 1174
415 2620 481 2685 ego·
497 2600 600 2685 illum,
624 2610 661 2665 ut
685 2602 728 2665 sit
749 2601 888 2687 quietus,
911 2592 1104 2664 uerberibus
1127 2596 1270 2684 subege

152 2699 242 2764 Pers.
267 2699 338 2764 194.
383 2699 441 2766 Bei
471 2702 626 2767 Terens
663 2701 826 2767 erscheint
853 2722 917 2765 von
946 2700 1059 2764 diesen
1087 2698 1208 2766 Verbis
1235 2720 1270 2764 t

154 2823 258 2884 coque
285 2802 345 2865 mit
371 2808 423 2866 ut:
459 2803 564 2882 Andr.
592 2804 624 2886 4,
649 2806 677 2887 1,
697 2803 740 2868 30
765 2824 825 2868 nec
852 2812 884 2867 te
912 2802 1017 2888 quivit
1044 2800 1142 2867 hodie
1170 2822 1270 2887 coge

154 2903 244 2966 illam
268 2912 305 2966 ut
326 2902 473 2971 duceres.
507 2904 572 2969 Ad.
586 2906 618 2988 b,
634 2905 665 2987 3,
682 2905 724 2970 65
746 2926 858 2990 cogam
883 2912 919 2968 ut
941 2925 1013 2967 cum
1037 2902 1093 2968 illa
1108 2926 1174 2968 una
1189 2902 1270 2967 cub

153 3003 235 3068 Hec.
258 3004 289 3086 2,
305 3004 336 3086 2,
351 3003 457 3095 2114,
472 3009 500 3090 1,
515 3007 566 3072 56.
589 3007 620 3089 4,
634 3007 666 3089 4,
682 3005 734 3071 52.

237 3103 308 3169 Seit
341 3103 399 3169 der
426 3107 501 3173 Zeit
531 3100 589 3173 der
617 3106 792 3173 Klassiker
822 3107 986 3172 erweitert
1013 3107 1083 3172 sich
1112 3106 1170 3171 der
1197 3105 1270 3171 Kr

154 3204 281 3270 solcher
304 3205 577 3274 Constructionen
601 3208 703 3273 durch
727 3209 780 3273 die
803 3207 915 3273 Verba
936 3228 1096 3292 assequor,
1119 3223 1270 3291 consuta

153 3309 274 3390 evinco,
306 3311 468 3391 peroraro,
503 3309 749 3375 nachklassisch
783 3309 866 3374 auch
898 3312 996 3375 uinco
1041 3308 1136 3375 Aueh
1165 3311 1270 3376 ardu

156 3411 270 3474 induco
293 3410 359 3474 und
377 3413 517 3494 perpcilo
539 3413 684 3497 gehdren
706 3411 823 3495 dahin3
854 3410 935 3475 eben
959 3433 995 3476 so
1018 3410 1131 3476 wiirde
1153 3411 1205 3477 ich
1221 3426 1270 3496 p

154 3498 286 3577 suadem
314 3511 399 3576 duan
429 3513 562 3597 nebien,
597 3536 690 3579 wenn
719 3511 789 3577 sich
817 3513 885 3578 dies
914 3516 1003 3577 nicht
1024 3535 1065 3577 an
1087 3515 1222 3580 suadere
1256 3526 1270 3568 ²

153 3612 307 3678 schliisse.

239 3715 288 3778 Zu
313 3715 377 3779 den
391 3715 523 3780 Verben
542 3716 599 3781 des
617 3716 858 3781 Erreichsns
873 3716 939 3781 und
956 3716 1171 3801 Zwingens
1186 3713 1270 3796 fulg

154 3839 219 3879 uun
243 3814 405 3904 Beispiele
427 3838 486 3882 eus
508 3816 709 3883 klassischer
730 3816 797 3881 und
820 3827 966 3903 spdtsrer
988 3817 1074 3883 Zeit.

238 3917 390 3999 Assequi:
423 3917 501 3982 cic.
526 3918 621 3984 Rosc.
646 3920 718 3984 Am.
742 3919 785 3984 34
812 3917 893 3984 nihil
916 3917 1004 3983 uliud
1027 3921 1212 4006 assequeris
1236 3931 1270 3981 1³

154 4029 189 4081 ut
218 4019 259 4082 ab
288 4019 439 4084 omnibus
467 4019 659 4085 mortalibus
683 4020 820 4085 asidaeis
841 4029 898 4084 tna
919 4032 1144 4105 cognoscatur.
1183 4043 1233 4109 ep.

155 4121 244 4184 Brut.
271 4120 364 4201 1,15,
384 4122 410 4183 1.
455 4118 625 4201 Quintil.
650 4123 701 4206 10,
729 4125 756 4205 1,
782 4121 821 4186 10
846 4121 984 4186 hecout
1006 4123 1212 4186 sciamus—
1234 4136 1267 4184 υ

155 4221 257 4285 muita
279 4221 418 4286 lectione
440 4232 539 4308 utque
561 4221 727 4287 anditione
749 4223 879 4309 assequi
898 4221 985 4288 nullo
1003 4224 1097 4289 modo
1115 4232 1270 4309 possuntt

156 4323 204 4403 11,
231 4325 259 4403 1,
283 4323 333 4386 85.

239 4423 410 4505 consequi:
441 4424 522 4488 eie.
546 4424 622 4488 saru.
649 4427 675 4505 1,
691 4425 759 4508 2,4
781 4425 841 4490 hoc
865 4426 1014 4492 videmur
1037 4448 1108 4491 csse
1132 4441 1265 4494 couseett
