2948 4988
559 324 791 386 -631-

134 514 161 556 rr
184 492 217 574 3,
241 492 293 558 78.
330 491 437 556 Flor.
460 491 489 572 2,
513 490 544 574 2,
566 492 616 560 22.
654 490 825 578 Capitol.
850 491 972 557 Pertin.
995 493 1014 557 7
1043 502 1167 558 tantam
1192 515 1244 579 pe·

134 593 237 672 niam,
262 602 309 657 ut.
1005 609 1009 620 ·

180 695 211 760 3.
248 693 351 777 Usque
372 715 405 760 eo
426 706 461 759 at
490 693 579 758 kann
609 696 691 760 eben
714 716 749 758 so
778 694 905 780 gelasst
931 695 1063 761 werden
1085 694 1140 759 bci
1162 694 1243 761 Cic.

134 795 237 860 :1r.4
263 799 294 878 ξ.
317 796 360 860 94
385 816 449 881 quo
472 817 538 861 non
561 795 658 861 facile
681 794 822 861 dixerim
845 795 1023 883 quidquam
1047 818 1098 861 me
1120 796 1243 861 vidisse

134 896 264 962 lclrrius
290 935 325 946 -
349 919 453 984 usque
477 919 532 980 eo,
560 898 705 982 iudices,
733 906 772 962 ut
792 899 910 963 rictum
939 899 1007 962 eius
1032 919 1071 963 ac
1098 909 1241 964 mentum

134 997 205 1064 allo
227 1001 272 1063 sit
295 999 448 1065 attritius.
486 999 580 1066 Doch
603 999 692 1065 kann
714 998 784 1065 hier
808 999 866 1064 der
889 999 1066 1085 Folgesatz
1090 998 1173 1065 auch
1196 998 1243 1064 als

134 1101 217 1165 sitia
227 1099 396 1185 steigernd
410 1099 530 1185 gelten,
551 1102 612 1167 wic
623 1100 722 1166 Halm
735 1101 791 1165 ilm
804 1099 941 1167 erklttrt.
970 1101 1021 1166 Ζιι
1036 1099 1244 1187 vergleichcn
1311 1088 1314 1094 ¹

134 1223 186 1267 ‚re
207 1201 260 1266 fiir
282 1203 337 1267 die
360 1212 446 1268 erste
467 1203 689 1289 Anflassung:
720 1227 750 1290 p.
775 1202 907 1283 Quinct.
933 1203 982 1286 18,
1006 1202 1048 1267 69
1071 1204 1244 1268 dumtaxat
1349 1214 1352 1219 ’

134 1324 199 1390 lue
216 1325 254 1369 eo
270 1325 313 1368 ne
330 1343 369 1353 —
388 1303 528 1370 dedatur
544 1306 645 1391 (,‚nur
661 1306 721 1370 mit
740 1306 798 1381 der
811 1303 1098 1390 Einschranlrung,
1113 1303 1242 1389 dass“).

182 1410 211 1489 ξ.
233 1405 307 1472 524.
354 1405 396 1472 Ut
415 1426 480 1471 aaa
510 1408 554 1471 im
577 1406 678 1473 Sinne
707 1429 770 1472 von
799 1408 877 1489 quin
904 1405 988 1471 uach
1018 1408 1122 1471 einem
1145 1427 1243 1490 nega·

134 1527 187 1573 en
199 1506 404 1596 Hauptsatze
421 1509 545 1592 (‚,ohne
556 1508 674 1595 dass“)
690 1508 778 1573 steht
795 1517 905 1573 rueret
917 1507 1004 1573 dfter
1020 1508 1072 1572 bei
1085 1507 1242 1573 Cicero:

134 1631 192 1673 err.
213 1610 250 1689 2,
274 1611 313 1675 77
341 1610 412 1674 lieri
433 1633 499 1675 non
521 1620 631 1698 potest
661 1620 698 1674 ut
724 1647 759 1658 -
784 1632 857 1674 eum
879 1619 917 1674 tu
938 1610 971 1674 in
995 1621 1052 1675 tua
1073 1610 1245 1698 provincia

134 1731 164 1773 n
189 1712 348 1797 cognoris.
393 1711 477 1776 Phil.
505 1711 543 1792 4,
575 1714 591 1776 1
621 1733 728 1799 neque
754 1713 840 1776 enim
866 1711 938 1776 fieri
966 1720 1074 1798 potest
1100 1722 1137 1777 ut
1167 1734 1244 1778 non.

135 1833 180 1878 es
202 1813 275 1879 sind
298 1813 424 1878 freilich
441 1812 737 1892 Substantivsttaa
760 1812 852 1879 nicht
872 1813 951 1878 aber
974 1813 1027 1878 die
1049 1813 1242 1899 folgenden:

134 1932 160 1992 ς.
184 1914 315 1981 Μιιιι.7
347 1938 414 1981 ιιοιι
448 1915 532 1980 enim
565 1926 702 2003 possunt
735 1913 826 1980 multi
859 1938 928 1980 rem
963 1924 1062 2002 atque
1094 1917 1244 1980 fortunas

134 2014 262 2100 littere,
290 2027 328 2081 ut
354 2039 420 2082 uon
448 2016 558 2104 plures
590 2039 697 2082 secum
719 2018 754 2080 in
781 2017 918 2081 eandem
940 2015 1160 2083 calamitatem
1182 2027 1244 2081 tra

134 2129 189 2183 nt
231 2118 489 2185 Ebendaselbst:
517 2141 612 2184 ruere
639 2118 695 2183 illa
723 2142 787 2184 non
815 2128 969 2206 possunt,
1004 2127 1041 2183 ut
1071 2120 1153 2184 haec
1180 2140 1244 2182 non

134 2215 212 2284 iem
233 2218 435 2287 labefactata
455 2231 544 2286 motu
567 2223 746 2286 concidant.
784 2244 817 2308 p.
832 2221 937 2287 Balbo
954 2221 997 2285 20
1017 2230 1127 2307 potest
1142 2220 1244 2306 igitur

160 2320 329 2387 Cornelius
352 2323 570 2403 condemnari,
592 2334 629 2389 ut
650 2346 715 2387 non
731 2322 766 2389 C.
784 2322 881 2387 Marii
903 2323 1027 2387 factum
1049 2320 1243 2387 condemne-

134 2421 176 2486 ·?
210 2425 244 2489 iu
265 2422 332 2488 Pis.
356 2424 408 2508 24,
431 2425 483 2490 56.
521 2423 604 2490 Phil.
630 2426 728 2509 14‚4
756 2427 808 2490 cui
831 2425 950 2511 viginti
977 2423 1028 2489 his
1050 2426 1144 2489 annis
1168 2446 1242 2509 sup·

136 2525 230 2591 catio
254 2525 387 2592 decreta
408 2535 475 2608 est,
504 2537 626 2592 utnon
653 2528 829 2613 imperator
851 2525 1096 2615 appellaretur?
1132 2523 1189 2589 fin.
1210 2528 1243 2608 4,

134 2668 141 2694 ι
173 2625 223 2692 29.
259 2629 329 2693 Art.
351 2627 383 2712 4,
406 2628 437 2710 6,
460 2628 490 2692 2.

183 2728 281 2795 Fehlt
308 2730 362 2796 bei
390 2730 512 2795 Caesar
538 2730 606 2795 und
634 2730 768 2796 Sallust.
810 2733 870 2795 Bei
898 2733 1042 2798 Livius
1072 2728 1156 2795 wohl
1184 2752 1245 2795 nur

134 2871 140 2898 ι
166 2831 195 2913 8,
217 2831 258 2896 10
279 2854 375 2918 quem
397 2855 502 2919 neque
525 2834 655 2898 mittere
677 2855 697 2898 a
719 2835 821 2898 sacris
844 2855 948 2920 neque
970 2834 1110 2898 retinere
1133 2853 1244 2918 possu-

134 2947 182 3016 ιε,
203 2944 240 2999 ut
263 2955 329 2998 non
350 2933 447 2999 deum
469 2944 526 3000 aut
549 2934 626 3000 belli
648 2936 836 3000 deseramus
858 2957 980 3001 curam.
1016 2934 1167 3000 Patron
1185 2933 1241 2997 101

134 3050 164 3095 o
194 3036 290 3101 modo
323 3059 496 3125 possumus
532 3037 645 3123 egredi
671 3059 771 3117 nave,
799 3047 837 3102 ut
864 3059 929 3101 nou
956 3036 1197 3124 conspiciamur
1225 3057 1246 3099 a

134 3138 249 3203 ustis?
281 3137 374 3204 Auch
397 3139 560 3204 Tacitus
583 3138 640 3204 hat
663 3161 697 3204 es
720 3161 782 3204 nur
805 3141 867 3204 ein
890 3137 973 3203 Mal:
1002 3140 1033 3203 h.
1058 3139 1095 3221 4,
1120 3139 1160 3203 73
1183 3158 1243 3201 nec

134 3232 269 3327 isquam
296 3279 330 3288 -
355 3242 561 3328 concupivit,
587 3251 711 3306 utnon
740 3240 854 3306 eadem
877 3242 942 3306 ista
971 3238 1133 3307 vocabula
1153 3262 1245 3305 usur-

134 3351 202 3406 ret.
232 3343 339 3408 Suet.
363 3346 448 3429 Aug.
470 3344 523 3412 56.
551 3344 639 3409 Nero
660 3344 712 3408 32.
750 3343 804 3424 (In
826 3343 1014 3409 demselben
1036 3341 1138 3407 Sinus
1160 3344 1246 3408 steht

134 3442 166 3504 a·
184 3449 234 3510 at:
262 3445 349 3530 Aug.
372 3445 422 3510 64.
453 3444 567 3512 Claud.
589 3446 632 3511 35
658 3445 724 3510 und
748 3444 837 3510 Tac.
861 3445 893 3510 d.
917 3446 985 3532 33.)
1030 3444 1125 3509 Dazu
1153 3444 1245 3509 kom-

134 3556 175 3608 ἔπι
194 3544 281 3611 noch
303 3547 358 3612 die
373 3547 676 3613 Substantivstttze:
703 3548 787 3614 Sen.
809 3547 860 3610 ira
883 3545 910 3624 l,
936 3547 985 3627 14,
1011 3550 1026 3610 l
1050 3569 1115 3612 non
1138 3556 1246 3632 potest

134 3646 172 3710 ri
192 3657 227 3713 ut
249 3651 353 3714 bouus
380 3651 432 3714 vir
460 3672 524 3715 non
551 3652 713 3715 irascatur
735 3646 836 3714 malis.
874 3647 984 3713 Lact.
1008 3649 1045 3734 2,
1067 3650 1121 3728 17,
1141 3650 1162 3714 3
1184 3670 1244 3714 nec

134 3739 187 3813 lm
208 3752 279 3816 fieri
301 3761 466 3838 potestat
488 3776 562 3821 non.
600 3749 715 3839 Apul.
739 3760 815 3817 met.
835 3750 871 3832 2,
894 3751 914 3815 3
936 3773 1102 3838 nunquam
1126 3751 1187 3815 erit
1209 3759 1245 3814 ut

134 3863 166 3914 ¹1
185 3852 274 3941 apud
296 3863 329 3919 ts
351 3855 514 3920 devertar.

185 3958 214 4038 9.
236 3955 309 4021 525.
341 3955 405 4023 Die
427 3956 639 4042 unwilligc
655 3955 785 4040 Frage
807 3957 866 4035 mit
887 3959 923 4019 at
942 3955 999 4018 hat
1014 3953 1244 4019 consecutiven

134 4066 197 4141 mn,
228 4057 318 4123 deun
345 4060 378 4124 in
407 4058 579 4125 derselben
608 4059 703 4124 weist
730 4057 788 4122 der
813 4055 971 4121 Redcnde
998 4056 1070 4120 eine
1093 4054 1244 4120 Conse·

134 4169 228 4224 lena
250 4158 395 4240 zurlick,
418 4161 470 4226 die
493 4183 528 4226 er
550 4161 598 4227 als
621 4161 693 4226 eine
716 4160 917 4224 indirecte
940 4157 1152 4242 Zumuthung
1174 4156 1245 4222 sich

135 4273 161 4318 Β
182 4261 240 4327 der
262 4261 407 4329 directen
430 4264 535 4330 selbst
555 4285 702 4349 gezogeu
725 4263 790 4328 hat.
803 4260 837 4348 ⁸)
882 4261 979 4325 Dicae
1002 4259 1101 4325 Form
1124 4261 1168 4323 ist
1190 4261 1243 4325 be-

134 4354 313 4378 2-

170 4396 199 4465 'l
227 4401 393 4455 Vorarbeit:
416 4403 448 4453 G.
467 4401 600 4468 Miiller,
620 4404 665 4454 die
689 4408 878 4468 sogenannten
901 4397 1061 4464 unwilligen
1084 4397 1148 4448 oder
1166 4398 1244 4449 miss·

134 4475 272 4552 ligantes
290 4489 403 4555 Fragcn
421 4490 457 4539 im
476 4489 681 4543 Lateiuirchen.
717 4488 813 4552 Progr.
832 4486 948 4538 Glirlita.
968 4482 1042 4536 1876.
