2924 4994
613 321 843 388 ..234-

160 512 268 553 muros
299 489 474 553 firmarent.
521 489 647 571 (Oefter
669 498 753 554 setzt
776 513 811 555 er
833 513 867 555 es
889 492 951 555 mit
971 491 1033 573 ne.)
1077 489 1176 554 Plin.
1198 489 1283 576 ep(

157 592 228 675 5‚1
259 592 450 678 scripseram
483 592 625 656 tenuisse
648 591 813 656 Varenum
840 600 877 656 ut
899 592 963 657 sibi
985 612 1124 656 evocare
1144 600 1246 656 testes
1268 589 1283 653 Ιῖ

160 703 258 778 ceret.
304 693 367 757 Ein
390 693 601 779 explicatives
625 704 659 758 ut
680 693 737 757 hat
759 694 916 759 Cicero:
950 717 981 780 p.
1004 692 1116 758 Plane.
1137 694 1169 776 3,
1184 692 1283 757 8·no1

158 797 186 858 si
215 796 262 860 ita
284 802 386 876 esset,
417 794 502 880 quod
531 804 641 880 patres
669 794 756 880 apud
784 795 922 859 maiores
952 803 1081 860 nostros
1104 803 1218 859 tenere
1239 815 1283 859 no

158 905 352 981 potuerunt,
377 905 414 960 ut
436 896 688 981 reprehensores
711 905 821 961 essent
842 897 1055 961 comitiorum.

243 996 377 1063 Severe
402 1004 438 1063 ut
469 997 524 1062 bei
555 997 709 1062 C‘ornif.
743 998 786 1061 ad
814 997 894 1063 Her.
922 1001 951 1082 1,
973 999 1004 1063 7.
1049 998 1134 1062 Liv.
1157 997 1188 1080 3,
1210 997 1263 1078 36,

157 1097 249 1184 (eber
272 1099 355 1163 nach
378 1102 447 1180 ito).
493 1099 555 1164 Mit
576 1121 615 1165 rso
637 1099 737 1164 sehon
760 1099 883 1183 Pleut,
906 1099 993 1164 daun
1015 1100 1091 1164 Liv.
1113 1099 1181 1163 und
1203 1097 1283 1185 spp-

243 1200 308 1264 Die
336 1200 485 1282 Wiirter,
518 1199 642 1265 welche
670 1201 906 1287 „zwingen“
937 1200 1110 1267 bedeuten.
1156 1199 1238 1282 0090
1259 1222 1283 1266 ι

157 1304 243 1368 oben
266 1325 324 1366 uus
347 1302 483 1367 Plautus
503 1303 569 1367 und
593 1302 719 1366 Terens
743 1303 866 1389 helegt,
893 1302 995 1369 findet
1022 1303 1091 1368 sich
1115 1302 1283 1367 ausserde

159 1404 194 1468 in
227 1403 312 1468 allen
341 1402 521 1468 Zeitaltern
554 1403 659 1468 neben
693 1404 752 1469 der
784 1405 861 1469 weit
891 1404 1113 1490 geltufigeren
1142 1402 1283 1468 Infiniti

157 1506 398 1571 construction:
429 1505 509 1569 Cic.
533 1505 642 1570 deor.
664 1509 695 1589 3,
711 1507 777 1590 3,9
799 1517 946 1572 tenemus
969 1507 1055 1571 enim
1078 1505 1239 1570 memorie

158 1606 309 1673 Catulum
337 1647 370 1655 —
398 1629 470 1670 esse
492 1616 638 1672 eoactum
662 1617 699 1672 ut
720 1594 790 1674 uite
812 1631 847 1673 se
869 1609 941 1695 ipse
962 1608 1117 1694 privaret.
1145 1606 1202 1671 fin.
1215 1607 1249 1689 2,

158 1710 323 1794 exigerem
352 1730 394 1773 ex
428 1718 461 1773 te
494 1729 707 1796 cogeremque
735 1720 772 1775 ut
799 1709 1024 1797 responderes.
1075 1709 1186 1774 Oees.
1214 1707 1246 1773 b.

161 1811 188 1887 1,
206 1810 226 1873 6
249 1809 302 1873 vel
324 1809 359 1874 vi
382 1819 551 1875 coacturos
573 1819 610 1875 ut
626 1812 730 1875 -ire
752 1821 953 1898 peterentur.
998 1809 1091 1876 Sall.
1114 1810 1191 1896 Jug.
1214 1810 1264 1874 91

159 1931 295 1996 coegere
317 1911 366 1975 uti
388 1909 590 1977 deditionem
612 1913 767 1981 facerent.
804 1911 896 1977 Hor.
913 1934 963 1998 ep.
983 1914 1010 1996 1,
1026 1912 1057 1996 9,
1074 1913 1095 1976 2
1116 1934 1190 1977 cum
1210 1934 1283 1993 ro·

155 2022 212 2076 aut
235 2033 331 2099 prece
354 2014 457 2096 cogit,
486 2014 611 2079 scilicet
633 2025 670 2080 ut
692 2054 732 2063 -
754 2036 860 2079 coner.
906 2015 991 2079 Liv.
1015 2013 1283 2099 6,15‚13its‹3

158 2136 222 2180 non
246 2135 322 2199 ego,
352 2116 446 2179 vobis
470 2125 506 2180 ut
529 2116 670 2181 indicem
693 2117 833 2203 praedas
857 2123 998 2196 vestras,
1027 2113 1087 2178 sed
1110 2135 1170 2179 vos
1192 2114 1227 2179 id
1278 2144 1283 2162 ⁴

156 2214 256 2300 gendi
279 2220 355 2280 estis
378 2217 470 2280 utin
493 2217 637 2281 medium
659 2217 843 2303 proferatis.
878 2215 968 2281 Aber
990 2216 1073 2280 zuei
1090 2213 1205 2281 Zeilen
1227 2215 1272 2279 ri.

156 2318 216 2381 suf
242 2318 277 2380 in
299 2318 379 2403 Cap.
405 2318 445 2383 16
474 2340 547 2382 eum
580 2357 616 2366 -
645 2340 800 2405 peregere
832 2340 944 2382 verum
972 2315 1130 2381 iudicium
1160 2337 1283 2402 coge:

155 2419 207 2501 26,
229 2419 271 2484 35
300 2440 335 2483 se
361 2429 397 2483 ut
425 2419 504 2485 dent
536 2418 624 2507 quod
649 2441 721 2485 non.
736 2420 892 2500 habeant,
926 2417 1017 2483 nulle
1039 2419 1074 2482 vi
1096 2419 1173 2504 cogi
1195 2438 1283 2505 pos

52 2508 58 2520 ⁸
156 2520 293 2607 Nepos
310 2523 339 2601 7,
355 2522 421 2605 4,5
444 2525 626 2587 sacerdotes
649 2544 669 2585 a
691 2521 811 2610 populo
834 2529 965 2587 coactos
987 2530 1025 2585 ut
1040 2543 1076 2585 se
1091 2519 1283 2586 devovere

241 2623 345 2706 Adduo
367 2629 403 2687 ut
424 2623 511 2688 steht
534 2647 623 2689 zwar
645 2623 747 2688 sehon
769 2624 823 2688 bei
844 2622 979 2687 Plautus
1003 2621 1043 2707 (s.
1069 2621 1186 2706 oben),
1219 2619 1283 2686 wi

154 2727 234 2789 aber
263 2747 325 2790 nur
350 2725 435 2790 noch
465 2725 508 2789 im
536 2726 662 2791 vierten
685 2725 801 2790 Jahrb.
831 2749 861 2789 n.
885 2724 961 2789 Chr.
993 2723 1046 2787 bei
1072 2724 1212 2788 Latinus
1250 2717 1283 2784 I

154 2837 247 2892 catus
281 2827 493 2911 engetroffen.
553 2826 725 2912 Htiufiger‚
763 2826 842 2891 aber
875 2823 1137 2906 nuchklassisch,
1172 2824 1218 2890 ist
1262 2817 1283 2884 c‘

156 2929 385 2993 construction
408 2929 468 2992 mit
490 2928 563 2992 dem
587 2927 744 3004 Infinitiv,

241 3029 335 3094 Auch
362 3030 503 3113 subicere
529 3035 565 3094 ut
595 3031 639 3095 ist
666 3029 749 3095 oben
775 3029 968 3095 wiederholt
994 3051 1053 3093 aus
1077 3028 1216 3093 Plautus
1246 3024 1280 3089 b

155 3130 233 3217 legt,
256 3132 343 3194 daun
365 3131 492 3196 kommt
515 3152 548 3194 es
570 3132 650 3196 aber
672 3155 733 3195 nur
756 3132 808 3196 bei
831 3133 997 3197 Tacitus
1020 3152 1095 3195 vor:
1119 3151 1194 3194 ann.
1211 3120 1283 3209 2,Ι

155 3243 191 3297 ut
214 3234 324 3298 ederet
347 3235 468 3317 socios,
503 3234 612 3319 subigi
635 3257 699 3299 non
722 3235 839 3320 potuit.
885 3231 1128 3298 Gebruuchlieh
1152 3233 1199 3296 ist
1217 3241 1283 3294 aue

155 3337 225 3400 hier
246 3336 306 3399 der
328 3336 487 3400 Infinitiv.

240 3437 436 3519 Extorquere
458 3459 520 3501 nur
542 3437 621 3500 Cic.
644 3437 740 3502 Tusc.
761 3441 789 3521 1,
808 3439 836 3517 7,
855 3438 894 3500 14
916 3437 1083 3500 extorsisti
1105 3447 1143 3500 ut
1164 3435 1283 3501 faterer

156 3539 229 3607 val.
252 3539 342 3604 Max.
370 3543 398 3621 1,
415 3540 481 3618 7‚4
502 3538 588 3603 filius
611 3548 746 3626 epatre
769 3538 906 3604 extorsit
928 3547 965 3602 ut
989 3576 1027 3586 -
1051 3538 1241 3602 mitteretur.

238 3641 403 3706 Adducere
428 3641 510 3704 wird
540 3662 628 3704 zwar
655 3640 887 3726 iiberwiegend
915 3641 975 3705 mit
996 3641 1041 3704 od
1068 3638 1148 3703 oder
1169 3640 1206 3704 in
1225 3661 1283 3706 ver

155 3742 304 3825 bunden,
339 3741 423 3806 doch
446 3741 509 3806 seit
531 3743 673 3807 Cicero
696 3742 780 3807 cuch
802 3744 862 3807 mit
883 3743 989 3806 einem
1011 3739 1275 3807 Substantivssts

153 3847 187 3909 in
210 3843 332 3909 Caecil.
349 3843 416 3926 25
439 3843 602 3908 adductus
625 3867 697 3909 sum
713 3881 753 3891 -
774 3856 810 3908 ut
832 3866 913 3909 onus
935 3842 1032 3907 huius
1054 3842 1179 3907 laboris
1201 3852 1283 3932 atqu<

154 3947 253 4012 officii
278 3983 315 4025 -,
340 3945 422 4010 mihi
445 3945 687 4032 suscipiendum
710 3955 870 4031 putarem.
902 3945 943 4009 de
965 3965 1033 4008 seu.
1060 3944 1100 4007 10
1120 3943 1242 4010 adduci
1262 3970 1283 4013 u

153 4051 261 4137 cupite
283 4057 396 4137 operto
418 4049 472 4112 sit.
516 4047 593 4111 fem.
610 4047 641 4129 2,
659 4046 743 4129 10,1
767 4069 831 4111 non
854 4049 940 4112 enim
962 4067 1096 4131 possum
1119 4045 1243 4111 adduci
1263 4072 1283 4116 u

153 4191 195 4200 -
222 4163 343 4238 putem.
402 4151 469 4217 Att.
494 4152 541 4230 11,
565 4149 636 4226 7,3
677 4149 703 4211 si
738 4171 793 4243 me
821 4147 1000 4213 adduxeris
1033 4156 1072 4211 ut
1104 4147 1283 4215 existimem

153 4253 248 4318 Eben
271 4275 306 4317 so
329 4251 415 4315 Liv.
438 4252 469 4334 4,
484 4251 526 4314 49
548 4253 651 4337 magis
674 4251 820 4315 adducor
841 4259 878 4314 ut
899 4249 1042 4314 credam.
1086 4247 1152 4313 Mis
1175 4247 1283 4337 Eilips

152 4356 211 4419 des
238 4353 339 4419 Verb.
371 4352 542 4419 credendi:
581 4353 659 4418 Cic.
681 4352 737 4418 fin.
762 4354 840 4435 l,5,
863 4353 912 4415 14.
956 4348 1033 4435 Vgl.
1061 4348 1232 4438 Madvig
1260 4377 1283 4418 ιι

153 4458 261 4521 dieser
283 4453 393 4520 Stelle.
431 4454 528 4519 Mehr
549 4476 575 4518 s.
598 4464 699 4518 unten
721 4457 752 4534 ἓ.
774 4454 847 4519 405.
885 4451 976 4517 Aber
998 4459 1079 4515 stutt
1101 4449 1223 4518 dessen
1245 4456 1283 4523 hs
