2948 4988
629 79 839 144 ..20-

168 231 196 311 1,
225 230 266 296 58
300 252 359 316 pro
391 231 529 296 iuventa
562 239 594 294 et
624 251 733 295 errore
764 229 824 294 filii
848 230 904 314 (=
926 253 985 318 pro
1017 233 1154 298 iuvenili
1180 244 1357 298 error?

164 331 197 414 2,
220 331 262 395 34
293 331 326 394 in
359 331 431 396 foro
468 340 501 394 et
535 330 655 396 iudicio
689 333 735 416 (in
771 330 973 397 offentlicher
1000 331 1342 420 Gerichtssitzunff

164 432 196 514 4,
220 432 238 496 7
263 431 368 496 forum
392 431 513 497 acius.
1355 521 1357 524 Ι

251 532 333 596 Dies
355 555 432 619 mag
453 534 535 597 tiber
557 532 692 599 Tacitus
715 543 874 620 geniigen.
919 535 984 599 Die
1006 535 1126 622 Menge
1148 536 1207 602 der
1230 537 1326 602 Ste-

164 634 228 718 len,
252 633 306 698 die
329 656 389 698 aus
412 635 478 698 ihm
502 657 543 698 zu
565 634 766 721 hesprechen
781 658 902 719 waren,
926 637 970 702 ist
991 637 1083 701 nicht
1105 637 1230 702 sowohl
1254 645 1357 703 aad

163 736 222 800 der
255 736 321 800 ihm
354 735 570 820 gewidmeten
597 736 812 822 sorgfttltigen
837 737 1052 823 Behandlung
1080 738 1129 803 als
1152 737 1357 804 vicima-

164 859 223 902 aus
247 837 304 902 der
326 837 480 903 Vorliehe
502 838 559 902 des
583 823 835 903 Schriftstellers
863 839 916 903 fiir
939 838 1146 927 dergleichen
1171 839 1357 906 Verhirfl

166 940 296 1024 dungen
320 962 361 1003 zu
384 937 547 1004 erklhren.

248 1041 319 1106 Aus
343 1050 490 1128 spaterer
512 1041 586 1105 Zeit
608 1043 651 1105 ist
673 1041 781 1105 nichts
805 1041 1010 1109 beohachtet.

249 1144 298 1208 10.
336 1141 526 1228 Explicatis
548 1145 592 1209 ist
614 1148 642 1209 et
662 1143 745 1207 auch
768 1141 821 1225 da,
845 1166 895 1210 wo
910 1165 944 1208 es
960 1141 1213 1228 Gegenstttzs
1238 1168 1298 1211 ver

165 1244 279 1310 biudet
301 1245 368 1309 und
392 1245 463 1309 eine
483 1243 749 1309 adversative
764 1245 914 1310 Partikel
937 1256 1090 1310 erwartet
1111 1247 1206 1329 wird,
1233 1250 1357 1314 hah:

162 1349 222 1412 mit
253 1345 539 1430 voraufgehender
576 1346 755 1431 Negation,
794 1345 871 1411 hald
908 1346 991 1412 ohne
1025 1347 1181 1412 dieselbe.
1238 1354 1357 1416 Aua

163 1448 301 1514 Plautus
324 1449 413 1512 citirt
435 1446 574 1512 Ballas
591 1447 624 1512 S.
641 1448 743 1513 9-11
761 1448 846 1512 viele
869 1446 1002 1524 Stellen,
1027 1470 1078 1514 wo
1100 1471 1176 1514 man
1193 1456 1357 1534 summ„

160 1551 215 1618 sed
236 1550 315 1616 oder
336 1554 366 1614 et
385 1554 490 1615 tumea
512 1549 566 1613 ihr
588 1548 646 1613 das
669 1548 819 1614 eiufache
833 1555 862 1614 et
883 1550 1049 1614 einsetzen
1072 1549 1208 1636 khunte,
1225 1576 1256 1618 a.
1275 1554 1304 1618 B

162 1651 282 1739 Amph,
307 1650 389 1715 1024
418 1673 483 1715 non
516 1650 643 1735 negabo
677 1649 795 1716 debere
829 1659 861 1715 et
894 1650 989 1715 daho.
1033 1651 1117 1720 Rud.
1139 1652 1203 1717 923
1238 1657 1357 1720 sina

162 1754 251 1818 lucro
274 1761 403 1818 etcum
426 1753 554 1816 damno.
598 1752 689 1817 Pers.
713 1753 774 1817 798
806 1752 887 1817 haec
918 1753 1057 1843 scivisti
1079 1764 1111 1817 et
1144 1776 1197 1819 me
1225 1755 1357 1821 cela*

161 1855 263 1921 visti?
307 1854 426 1920 Bacch.
453 1854 534 1919 1195
556 1854 646 1919 lubet
669 1863 701 1918 et
722 1863 841 1918 metuo.
887 1854 979 1919 Trin.
1001 1853 1063 1919 618
1092 1865 1129 1918 ut
1155 1856 1351 1924 inimicofl

161 1967 234 2022 tuos
265 1955 423 2021 ulciscare
455 1964 487 2020 et
519 1955 599 2019 mihi
621 1991 663 2003 —
690 1955 813 2021 referas
840 1957 988 2042 gratiam.
1032 1955 1131 2022 Most.
1153 1957 1197 2022 52
1225 1956 1345 2024 mihi

161 2059 279 2124 henest
301 2066 333 2122 et
355 2055 416 2120 tibi
439 2056 564 2122 malest.
589 2095 626 2104 -
651 2055 694 2122 So
717 2057 802 2124 diter
824 2059 869 2120 im
891 2057 1013 2143 Dialog
1035 2080 1093 2121 zur
1116 2056 1355 2146 Einleitung

163 2161 254 2225 einer
268 2157 533 2244 gegenthciligen
547 2157 638 2239 (oder
653 2159 917 2241 abweichenden)
933 2157 1168 2244 Behauptung:
1186 2159 1340 2227 Bacch-

165 2262 205 2328 78
234 2261 302 2327 scio
330 2258 409 2347 quid
436 2280 508 2345 ago.
552 2260 621 2343 „Et
647 2281 707 2344 ego
736 2260 803 2325 scio
831 2260 910 2348 quid
932 2262 1075 2326 metuo.“
1117 2260 1339 2328 Gebruuehae

162 2363 264 2431 licher
285 2365 329 2429 ist
350 2362 420 2426 hier
437 2360 559 2446 jedoch
581 2365 624 2427 at.

245 2465 388 2531 Cicero
409 2463 590 2549 gebraucht
613 2486 647 2528 es
670 2463 810 2528 seltener
833 2466 867 2528 in
889 2464 952 2529 den
974 2463 1088 2528 Reden
1111 2464 1158 2528 als
1183 2465 1218 2528 in
1242 2465 1321 2531 den

163 2566 447 2654 philosophischen
480 2565 653 2631 Schriften.
698 2566 795 2632 Rosc.
827 2567 946 2630 Ant
978 2576 1086 2631 tamen
1109 2567 1218 2631 animo
1241 2590 1323 2635 nom

163 2667 312 2732 deficiam
336 2675 368 2731 et
389 2667 424 2731 id
446 2668 531 2753 quod
556 2669 684 2752 suscepi
713 2704 748 2715 -
769 2669 941 2756 perferam.
980 2691 1011 2754 p.
1028 2667 1162 2732 Archi
1187 2669 1215 2732 si
1240 2692 1313 2736 non

161 2769 215 2834 hic
239 2778 348 2833 tantus
371 2766 496 2832 fructus
519 2766 745 2833 ostenderetur
766 2778 800 2832 et
821 2770 849 2833 si
871 2791 912 2833 cx
935 2766 985 2833 his
1001 2769 1117 2834 studiis
1133 2768 1320 2853 delectatio

161 2869 230 2950 sola
252 2878 427 2957 peteretur,
451 2878 561 2932 tamen
576 2878 633 2937 ctt.
670 2868 755 2954 legg.
774 2871 801 2950 1,
820 2871 859 2934 14
873 2873 929 2957 qui
951 2869 1034 2935 nihil
1049 2869 1184 2935 alterius
1207 2893 1316 2939 causa

160 2973 261 3036 faciet
294 2982 327 3036 et
360 2970 511 3034 metietur
543 2970 611 3036 suis
646 2972 822 3037 commodis
851 2972 969 3037 omnia.
1013 2971 1043 3053 2,
1070 2973 1107 3036 17
1130 2994 1196 3038 non
1219 2977 1310 3040 enim

159 3081 248 3138 recte
270 3072 494 3137 existimamus
517 3111 553 3120 —
578 3082 611 3137 et
638 3074 845 3160 opinionibus
874 3072 966 3158 vulgi
992 3075 1136 3160 rapimur
1162 3075 1197 3138 in
1220 3098 1309 3142 erro·

160 3197 239 3239 rem.
284 3172 408 3239 211100
436 3195 514 3239 vero
544 3174 624 3239 nihil
654 3175 694 3240 ad
723 3174 925 3262 pontificium
952 3174 1003 3239 ius
1030 3185 1063 3239 et
1085 3197 1102 3239 e
1124 3177 1234 3241 medio
1257 3188 1308 3242 est

160 3277 232 3341 iure
260 3275 360 3340 civili.
405 3274 498 3339 Brut.
521 3277 562 3340 56
595 3275 677 3341 nihil
704 3277 790 3341 enim
817 3286 884 3341 tam
906 3276 1065 3341 dissimile
1087 3298 1184 3359 quam
1208 3278 1306 3344 Cotta

163 3377 309 3464 Sulpicio
343 3386 375 3441 et
410 3387 547 3464 uterque
585 3377 775 3465 aequalibus
813 3379 881 3441 suis
918 3376 1091 3464 plurimum
1129 3381 1303 3464 praestitit.

159 3477 250 3546 Lael.
273 3479 293 3543 8
315 3477 349 3542 in
371 3478 516 3543 amicitia
538 3489 647 3545 autem
668 3479 752 3544 nihil
774 3479 884 3546 fictum
908 3489 973 3563 est,
999 3479 1082 3544 nihil
1104 3478 1302 3564 simulatum,

161 3591 194 3646 ct
218 3578 379 3666 quidquid
402 3591 462 3664 est,
488 3581 520 3645 id
544 3590 576 3645 et
598 3603 712 3646 verum
736 3590 784 3646 est
806 3593 839 3646 et
860 3580 1087 3646 voluntarium.
1131 3581 1172 3646 de
1194 3582 1304 3649 sen.9

160 3680 247 3768 quod
263 3681 413 3768 equidem
430 3681 538 3748 adhue
558 3704 624 3746 non
639 3684 742 3762 amisi,
766 3693 797 3748 et
813 3683 933 3748 videtis
949 3705 1051 3748 annos
1066 3682 1121 3770 (==
1137 3693 1303 3768 ettamen,

162 3805 228 3848 was
251 3783 330 3847 aber
351 3782 564 3849 unmittelbar
585 3784 702 3848 darauf
727 3784 835 3870 folgt).
880 3784 973 3849 acad.
999 3785 1026 3865 1,
1052 3784 1304 3851 1211111111-

159 3895 266 3950 matur
281 3893 313 3948 et
335 3886 369 3948 in
390 3893 561 3971 utramque
577 3894 702 3970 partem
718 3884 821 3950 multa
835 3885 1051 3950 disseruntur.
1089 3885 1120 3968 2,
1135 3887 1176 3950 37
1199 3909 1304 3973 nsque

158 3998 272 4052 natum
294 4008 435 4072 unquam
458 3996 490 4049 et
512 3988 755 4071 sempiternum.
791 3986 847 4052 fin.
863 3987 930 4068 2,9
951 4008 1016 4050 non
1038 3987 1176 4051 nimium
1199 3988 1303 4074 probo

161 4098 193 4152 et
216 4098 339 4154 tantum
363 4089 471 4174 patior
485 4096 541 4152 ctt.
579 4096 659 4152 orat.
675 4086 717 4152 58
740 4087 798 4151 sed
821 4088 926 4155 omnis
948 4110 1009 4152 nec
1031 4087 1221 4154 claudicans
1244 4112 1304 4155 nec

160 4190 255 4279 quasi
288 4189 449 4255 fluctuans
477 4193 506 4254 et
535 4187 713 4276 aequaliter
741 4200 992 4280 constanterque
1020 4190 1209 4275 ingrediens
1237 4192 1302 4280 (wo
