2924 4994
564 44 797 109 *426-

111 219 211 282 simus
235 217 337 281 fuisse
360 215 509 280 traditur.
547 214 644 279 Tusa.
667 210 735 296 5,3
758 213 850 277 cuius
872 210 1075 298 temporibus
1090 209 1254 275 Homerus

112 320 210 383 etiam
242 318 345 383 fuisse
380 355 416 366 -
452 315 603 380 traditur.
654 314 765 380 Ueber
796 313 860 377 den
888 314 1007 379 Aecus.
1030 334 1059 379 c.
1081 310 1160 391 inf„
1193 310 1257 375 deu

113 422 182 486 Cic.
206 417 367 485 ebenfalls
391 417 581 500 anwendet,
610 440 636 481 s.
659 420 760 481 uritcn
782 416 840 484 Nr.
862 415 893 480 3.
916 452 958 463 —
984 414 1070 480 niv.
1092 413 1125 493 8,
1144 412 1189 479 30
1210 412 1258 477 vi·

114 524 197 608 giuti
219 522 307 586 milia
329 558 370 569 —
393 542 489 584 caesa
510 520 692 583 traduntur.

203 623 295 687 Vetor
328 621 452 686 iiberall
486 619 737 706 gebrauchlich,
769 620 907 683 niemals
935 615 1178 705 unpersdnlichf
1198 615 1258 680 mit

112 727 191 790 Ace.
214 746 241 790 c.
258 723 316 786 inf.
354 723 393 786 In
417 731 767 806 zusammengesetater
782 721 896 786 Form:
920 720 1003 785 Liv.
1019 720 1128 804 23,17
1148 740 1258 784 muros
1329 778 1334 783 .

114 827 205 891 adire
228 825 321 891 vetiti
343 833 430 889 sunt.

198 928 261 990 Am
285 925 467 1010 httufigstcn
492 926 535 989 ist
556 927 676 1003 videor,
701 924 857 989 darunter
878 923 928 989 sla
951 922 1151 990 Seltenheit:
1178 921 1298 989 cic-
1344 986 1372 1003 ,

114 1028 156 1092 ud
180 1027 243 1108 Qu.
268 1028 309 1091 fr.
332 1029 362 1109 3,
382 1029 453 1110 5,1
485 1048 523 1090 ca
552 1027 659 1091 visum
681 1027 722 1090 iri
745 1027 832 1091 facta
854 1048 934 1092 esse.
979 1026 1071 1091 Aber
1091 1024 1178 1090 auch
1199 1023 1309 1087 miv—
1341 1050 1372 1103 q

108 1128 324 1197 Aeacius.

197 1232 228 1294 2.
266 1232 339 1296 Von
362 1229 519 1296 Sallust
540 1231 582 1295 ab
606 1231 733 1295 kommt
754 1228 938 1316 Folgendes
960 1229 1077 1309 bium,
1106 1228 1372 1306 melotem.

118 1332 214 1398 theils
238 1333 317 1397 uber
338 1342 406 1397 crst
428 1333 471 1395 im
495 1330 657 1396 silbernen
680 1332 798 1397 Latein
821 1332 901 1415 oder
921 1331 1005 1396 noch
1028 1338 1150 1417 spater.

199 1435 347 1518 Accipior
368 1457 430 1497 nur
453 1435 504 1498 ein
528 1433 594 1497 Mal
617 1435 671 1499 bei
694 1434 809 1520 Apul.
835 1432 917 1521 apol.
940 1435 980 1498 13
1003 1454 1067 1498 non
1090 1444 1199 1499 tamen
1220 1452 1372 1506 Q

116 1559 154 1601 eo
176 1537 281 1622 accipi
303 1557 355 1599 me
376 1557 508 1600 necesse
532 1546 581 1601 est
603 1536 755 1601 exornari
770 1558 900 1623 quoque
913 1536 956 1599 ad
972 1534 1142 1622 speculum
1156 1532 1372 1608 solet:

118 1639 251 1721 (direct2
275 1638 419 1723 accipior
441 1639 592 1702 exornari
615 1637 742 1719 solere).

201 1740 354 1805 Accersor:
377 1739 457 1803 Tac.
481 1762 556 1802 ann.
579 1740 610 1821 4,
627 1740 669 1802 22
690 1750 842 1804 accusata
863 1740 1025 1805 iniecisse.

201 1842 330 1905 Adder:
354 1841 403 1905 lb.
429 1842 533 1922 16,17
557 1840 690 1905 additur
711 1879 752 1890 —
775 1842 957 1929 scripsisse.

203 1943 364 2008 Adrtotor:
387 1943 438 2007 lb.
462 1945 512 2025 13,
529 1945 570 2008 35
592 1943 765 2009 adnotatus
791 1982 827 1992 -
852 1943 1086 2030 praeriguisse.
1204 1986 1212 1999 ·

203 2063 382 2146 Apnoscor:
420 2061 518 2149 Apul.
547 2062 655 2148 dogm.
683 2063 769 2128 Plat.
793 2062 813 2127 3
841 2084 873 2148 p.
897 2064 938 2127 33
970 2070 1168 2147 agnoscetur
1195 2080 1372 2124 r-ou

122 2187 193 2230 esse
216 2162 451 2231 convertibilis.

203 2284 464 2350 Auinrodoertor:
498 2281 583 2349 Geli.
607 2284 657 2363 205
682 2286 711 2367 1,
732 2283 753 2346 4
781 2283 941 2370 quaedam
968 2284 1044 2348 istic
1066 2305 1138 2351 esse
1160 2283 1360 2349 anf-nr·

120 2385 347 2451 advertuntur.

205 2504 354 2587 Collipor:
378 2505 465 2570 Ovid
483 2527 544 2568 anr.
568 2505 597 2584 ι),
615 2506 645 2589 6,
661 2506 699 2569 61
724 2505 860 2591 colligcr
875 2529 916 2571 ex
931 2507 1003 2591 ipso
1020 2507 1171 2573 dominae
1192 2494 1345 2590 μὴ·

119 2609 225 2673 cuisse
248 2607 409 2693 sepulcro.
454 2607 561 2672 Lact.
585 2608 615 2685 2,
639 2608 669 2688 8,
690 2608 732 2671 43
761 2610 898 2673 materia
920 2607 1085 2693 colligitur
1108 2609 1217 2674 habui
1242 2615 1337 2663 9⁸0

120 2709 328 2796 principium.

207 2827 380 2893 Cortniucor·
409 2828 471 2892 seit
494 2827 589 2893 Sall.
614 2829 685 2894 Cat.
709 2830 759 2911 52,
781 2831 822 2894 36
847 2852 923 2919 cum,
944 2830 1087 2895 convicti
1109 2812 1320 2894 consessfll·

121 2951 185 3017 que
207 2931 291 3012 sint,
314 2929 446 2993 caedem
465 2969 500 2976 -
520 2932 697 3015 paravisse.
736 2931 830 2996 Auclr
854 2933 915 2995 ein
940 2930 1008 2995 Mal
1032 2931 1084 2995 bei
1107 2930 1194 2995 Livi
1212 2934 1312 2985 ¹1⁸³

119 3033 247 3115 45,10,
273 3031 312 3094 14
346 3032 401 3118 qui
429 3055 487 3117 pro
511 3032 630 3098 Perseo
661 3035 820 3098 adversus
844 3035 1006 3099 Romanos
1036 3032 1163 3097 dixisse
1183 3012 1304 3117 quid

120 3144 177 3197 aut
204 3135 323 3197 fecisse
351 3134 633 3199 convincerentur.
680 3136 788 3199 Ourt.
817 3136 846 3214 9,
869 3136 897 3214 8,
919 3137 940 3198 9
972 3132 1139 3221 multaque
1166 3136 1297 3199 avffl

122 3259 158 3299 ae
182 3236 322 3320 superbe
344 3235 461 3299 fecisse
484 3238 669 3301 convictum
690 3237 826 3302 interfici
842 3238 947 3302 iussit.
981 3236 1069 3301 Tac.
1086 3259 1160 3302 ann.
1174 3236 1222 3315 4,
1247 3216 1287 3332 3.]

125 3339 291 3401 convictus
325 3338 495 3423 pecuniam
529 3375 569 3386 -
604 3340 738 3426 cepisse.
794 3340 898 3405 Suet.
931 3338 1037 3423 Calig.
1059 3339 1102 3402 40
1133 3338 1160 3402 si
1190 3338 1282 3417 ΨΜ

124 3438 344 3526 composuisse
371 3477 404 3485 -
430 3440 686 3505 convinceretur.
731 3441 807 3506 Und
829 3462 865 3505 so
887 3439 970 3504 noch
996 3439 1046 3503 bei
1069 3438 1252 3526 sperarem·

209 3558 326 3623 Credor
348 3559 409 3623 mit
431 3557 504 3622 dem
527 3560 590 3626 lnf.
612 3558 694 3623 fehlt
717 3573 804 3625 zuar
827 3560 879 3625 bei
903 3559 1018 3625 Cicero
1040 3559 1109 3625 und
1130 3559 1266 3625 ansssfr

124 3663 167 3725 ist
188 3660 267 3724 eber
290 3670 381 3724 sonst
403 3660 495 3724 nieht
517 3659 620 3725 selten
649 3662 716 3725 und
739 3661 877 3748 beginnt
898 3662 999 3727 sehon
1022 3660 1076 3727 bei
1099 3662 1211 3727 Lucr·
1233 3640 1260 3715 4,

127 3762 189 3825 389
219 3783 256 3824 ee
279 3774 407 3849 praeter
436 3761 580 3827 creditur
608 3765 664 3828 ire.
710 3763 816 3849 (Aber
846 3762 931 3829 wohl
952 3764 1044 3829 nicht
1067 3762 1145 3831 Sall
1167 3742 1254 3827 Cssfil·

126 3866 176 3944 15,
198 3864 218 3926 2
245 3886 303 3950 pro
331 3875 418 3928 certo
447 3865 590 3929 creditur
612 3903 654 3913 —-
676 3865 810 3948 fecisse,
844 3864 913 3930 scil.
943 3868 1044 3951 eum.)
1088 3863 1194 3931 ovid.
1213 3868 1246 3916 Ν·

127 3968 156 4043 1,
172 3966 233 4029 758
257 3968 297 4028 de
320 3968 442 4029 semine
464 3968 595 4031 tandem
618 3968 764 4031 creditur
785 3988 858 4031 csse
885 3966 985 4032 Iovis.
1030 3967 1126 4033 Fehlt
1145 3954 1245 4031 wieder

126 4067 177 4130 bei
200 4068 314 4131 Livius
339 4067 405 4130 und
429 4067 570 4133 Curtius.
590 4107 625 4116 -
652 4068 826 4149 Quintil.
844 4070 875 4151 3,
895 4073 922 4151 1,
941 4071 979 4133 11
1003 4092 1062 4157 pro
1085 4092 1120 4137 se
1141 4066 1239 4133 ‹lixittt

125 4169 245 4251 optimc
268 4180 316 4232 est
338 4169 493 4235 creditus.
521 4173 568 4254 12,
586 4173 615 4252 7,
631 4173 651 4233 :t
674 4171 856 4258 creditique
879 4183 956 4237 sunt
979 4211 1017 4221 --
1043 4172 1131 4238 dare.
1170 4165 1240 4235 Eleu
