2948 4988
558 109 789 174 ..686-

102 305 253 349 nommen
272 282 411 370 jedoch:
436 290 492 345 aut
514 282 544 345 si
566 301 630 344 non
652 277 698 362 id,
722 278 810 366 quod
832 280 1061 366 accusabitur,
1085 280 1243 362 defendet,

104 396 140 450 ut
167 386 194 449 si
223 386 293 469 qui,
322 405 395 447 cum
424 382 566 448 ambitus
594 381 820 463 accusabitur,
849 403 950 447 manu
976 404 1013 448 se
1040 383 1160 449 fortem
1181 403 1246 447 esse

104 486 268 553 defendet.

191 588 224 651 k.
248 587 397 651 Livius
421 585 477 649 hat
499 583 583 648 auch
607 583 672 647 den
693 583 820 648 Indic.
838 584 969 651 Praes.
993 588 1179 675 promiscue
1193 586 1248 650 mit
1300 614 1352 664 ,ῃ

105 692 179 754 dem
201 690 286 754 Fut.
311 687 328 751 I
356 686 423 751 und
448 708 535 751 zwar
558 708 600 750 an
623 686 692 751 drci
715 683 853 751 Stellen:
883 688 916 772 6,
939 688 998 772 38,
1023 689 1041 754 7
1071 689 1101 753 si
1123 687 1247 769 cedunt,
1281 734 1352 783 υ-

106 789 187 856 nihil
209 792 367 872 inseram,
390 789 419 852 si
441 786 586 870 tendent,
608 809 672 852 non
695 788 810 874 patior.
856 786 951 854 Eben
974 812 1020 874 so,
1043 812 1108 854 nur
1129 788 1163 852 in
1185 812 1247 854 um·
1272 833 1314 849 =
1327 837 1352 875 4

106 892 284 977 gekehrter
298 889 546 975 Tempusfolge:
570 889 620 968 23,
639 889 689 973 13,
704 890 726 953 5
747 889 864 975 siquis
881 889 923 953 de
937 912 1020 978 pace
1035 890 1186 957 consulet
1202 929 1283 982 η,
1302 944 1352 963 s

108 992 212 1059 habco
235 992 313 1078 quid
337 991 517 1055 sententiae
540 989 664 1073 dicam3
686 989 715 1053 si
738 989 778 1055 de
800 990 914 1055 his-
937 992 1077 1074 refertis,
1100 1005 1179 1080 puto
1196 1004 1259 1056 ctt.
1278 1018 1352 1081 ῃ

192 1095 256 1159 Ein
279 1094 410 1157 Praes.
434 1094 477 1156 ist
499 1091 559 1154 mit
581 1090 668 1156 Fut.
693 1090 728 1156 II
750 1091 929 1158 coordinirt
951 1093 1005 1158 bei
1022 1092 1111 1162 Liv.
1126 1095 1179 1174 25,
1199 1094 1242 1159 38.
1258 1106 1352 1173 3,

61 1200 64 1205 ’
107 1198 149 1261 20
170 1197 198 1261 si
221 1196 308 1260 diem
330 1194 528 1282 proferimus
551 1201 638 1256 et-
655 1194 819 1258 contemni
841 1193 1049 1278 desierimus,
1074 1195 1352 1283 periculum„

108 1310 219 1363 estne
241 1318 352 1361 omnes
375 1296 484 1377 duces,
508 1315 619 1360 omnes
641 1295 756 1381 copiae
778 1296 982 1362 conveniant.

192 1403 223 1480 ξ.
246 1398 319 1462 549.
364 1397 434 1461 Der
448 1396 735 1482 Bedingungssatz
758 1397 845 1464 steht
863 1398 907 1461 im
923 1397 1174 1486 Conjunctiv
1195 1399 1292 1467 de>
1302 1421 1352 1483 J,

109 1503 306 1567 Praesens
336 1500 415 1563 oder
443 1498 501 1562 des
524 1498 708 1563 Perfecta
739 1520 797 1562 aur
824 1499 1061 1586 Bezeichnung
1083 1500 1141 1565 der
1161 1500 1313 1572 sulti
1328 1521 1352 1584 b⁴

105 1603 294 1688 jectiven
325 1599 620 1684 Mcgliehkeit,
653 1600 716 1662 wie
744 1597 802 1662 das
830 1599 953 1684 griech.
983 1601 1016 1666 ef
1041 1621 1070 1666 c.
1098 1602 1219 1688 optatis
1234 1629 1351 1686 vo.

109 1705 179 1768 Der
200 1700 386 1787 Hauptsatz
409 1700 466 1765 hat
488 1700 568 1766 aber
590 1701 810 1788 Conjunctive
832 1722 898 1765 von
920 1701 1172 1767 verschiedener
1194 1701 1345 1784 Q

111 1804 348 1888 deutungund
372 1803 498 1867 kommt
520 1801 604 1867 auch
626 1803 671 1865 im
693 1801 857 1867 Indicstiv
880 1824 950 1867 vor.

194 1927 223 1969 a.
248 1904 446 1989 Oonjunctiv
468 1904 511 1967 im
534 1904 688 1989 Haupt·
709 1904 778 1967 und
800 1903 1033 1972 Nebensatz
1056 1904 1125 1969 und
1147 1925 1321 1984 swas

196 2030 226 2070 α.
251 2004 362 2092 Oonj.
393 2006 529 2093 Praes.
558 2006 604 2069 im
633 2005 835 2086 Nebensata,
866 2005 980 2094 Oonj.
1012 2006 1147 2072 Praes.
1177 2006 1328 2088 05:13,

111 2110 214 2174 Perf.
250 2109 294 2171 im
324 2105 518 2192 Hauptsatz.
567 2107 607 2170 lu
637 2106 693 2170 der
719 2106 823 2191 Regel
850 2106 907 2170 hat
934 2105 1089 2174 letatercr
1115 2117 1316 2196 potoen.

111 2208 212 2276 tiale
235 2207 438 2291 Bedeutung.
475 2207 539 2272 Die
554 2206 677 2292 Beltige
691 2207 766 2271 sind
788 2206 913 2272 iiberall
935 2231 972 2274 so
987 2207 1196 2292 aahlreich,d
1270 2241 1309 2290 ,δε

112 2315 183 2378 cine
204 2309 361 2376 Auswahl
383 2317 520 2394 geniigt:
546 2309 701 2374 Ennius
724 2309 778 2374 bei
800 2308 870 2374 Cic.
893 2332 925 2374 n.
949 2309 982 2375 d.
1005 2313 1043 2394 3,
1065 2311 1108 2375 32
1129 2333 1264 2379 nauta
1279 2329 1301 2390 εί

112 2424 236 2496 curent,
258 2413 342 2477 bene
358 2411 452 2474 bonis
469 2412 525 2492 sit,
541 2410 624 2475 male
641 2409 746 2474 malis.
777 2409 899 2474 Phoen.
915 2411 1011 2497 frgm.
1027 2412 1050 2478 3
1065 2412 1136 2499 plus
1158 2414 1291 2489 miser

112 2517 182 2597 sim,
206 2516 233 2579 si
257 2511 430 2579 scelestum
453 2511 567 2575 faxim.
598 2512 724 2577 Plaut.
754 2511 822 2576 mil.
853 2512 935 2577 1429
962 2515 1069 2598 magis
1096 2513 1131 2578 id
1153 2512 1276 2607 dicos,

111 2619 140 2682 si
163 2618 248 2681 scius
272 2613 359 2701 quod
382 2635 442 2698 ego
466 2614 544 2676 scio.
578 2613 659 2677 1436
681 2613 709 2676 si
732 2614 780 2678 sic
801 2613 875 2678 aliis
899 2614 1043 2680 moechis
1057 2614 1126 2698 fiat,
1147 2615 1268 2688 minus

112 2719 164 2784 hic
186 2717 394 2782 moechorum
418 2717 489 2780 siet.
520 2714 607 2778 Men.
623 2714 687 2778 640
708 2735 760 2779 me
775 2714 896 2799 rogas?
917 2715 928 2798 l
951 2715 1020 2797 Pol,
1044 2715 1124 2781 haut
1143 2738 1258 2801 rogem

114 2832 155 2897 te,
179 2821 206 2883 si
229 2819 339 2882 sciam.
383 2816 477 2881 Mehr
494 2838 552 2879 aus
569 2815 706 2879 Plautus
723 2817 815 2899 giebt
831 2814 951 2880 Holtze
968 2816 1014 2899 II,
1031 2816 1065 2882 S.
1083 2817 1247 2903 139-143,

113 2920 269 2985 daruntcr
297 2919 356 2981 mit
385 2918 479 3004 Oonj.
511 2917 683 2980 dubitat.
711 2918 754 2980 im
783 2919 983 3003 Hauptsatz:
1015 2917 1129 2982 Bacch.
1158 2917 1241 2982 79³1·

112 3021 199 3108 apud
223 3032 255 3085 tc
279 3020 411 3083 eveniat
426 3018 578 3082 desubito
594 3017 767 3104 prandium
784 3057 822 3066 -—
841 3020 897 3082 ubi
915 3040 975 3103 ego
993 3029 1062 3083 tum
1078 3018 1234 3084 accubem?

114 3126 213 3189 Mero.
237 3123 297 3186 301
322 3121 380 3184 sed
404 3122 551 3185 ausimne
574 3141 634 3203 ego
657 3120 718 3183 tibi
741 3119 859 3206 eloqui,
884 3122 912 3184 si
935 3122 1015 3207 quid
1039 3118 1154 3184 velim?
1184 3118 1227 3182 ltu
1284 3126 1290 3179 .‘

115 3213 210 3311 Conj.
238 3224 431 3290 iussivus:
461 3244 492 3283 u.
516 3222 579 3285 376
602 3222 630 3285 si
653 3221 777 3306 sapias,
808 3243 861 3285 eas
891 3243 929 3285 ac
959 3222 1133 3288 decumbas
1152 3219 1220 3282 doni.
1278 3252 1280 3257 ·

116 3328 177 3391 Mit
199 3323 409 3410 potentialem
434 3325 529 3409 Oonj.
553 3323 656 3389 Perf.
680 3324 724 3384 im
749 3321 950 3408 Hauptsatz:
976 3324 1075 3389 Poen.
1097 3325 1128 3401 4,
1149 3323 1176 3401 2,
1193 3319 1218 3380 lii

116 3431 144 3493 si
167 3451 240 3492 crus
264 3448 354 3488 meus
367 3465 405 3472 —
420 3426 511 3506 sciat,
535 3426 688 3488 continuo
711 3425 738 3486 is
757 3445 808 3487 me
824 3462 863 3472 -
880 3425 1118 3511 Crurifragium
1133 3421 1218 3487 fecerit

117 3554 147 3594 v.
175 3530 233 3592 100·
256 3549 382 3592 remora
405 3528 432 3590 si
456 3527 508 3606 sit,
532 3564 572 3571 -
596 3526 710 3589 merito
734 3525 859 3590 fecerit.
889 3527 988 3590 Truc.
1011 3529 1042 3610 4,
1061 3532 1089 3610 1,
1108 3527 1127 3590 9
1146 3526 1219 3588 sinon

117 3653 258 3718 pereum,
282 3628 378 3714 plane
401 3628 562 3713 perierim.
594 3626 679 3689 Ter.
696 3626 799 3691 Andr.
816 3628 881 3692 310
903 3637 937 3691 tu
961 3631 989 3692 si
1014 3629 1067 3693 hic
1087 3624 1221 3706 sisulfus

118 3734 249 3797 sentias.
291 3731 354 3794 550
386 3751 491 3815 neque
520 3729 677 3814 postulem
709 3730 767 3794 abs
797 3739 846 3811 te,
874 3729 909 3792 ni
937 3731 1010 3815 ipsa
1037 3752 1088 3794 res
1119 3734 1224 3792 moneat.

118 3837 202 3900 Eun.
226 3833 265 3897 61
291 3834 316 3894 si
342 3831 485 3917 postules
500 3868 541 3876 —
557 3831 668 3894 mihilo
684 3829 756 3915 plus
774 3853 861 3915 agas.
893 3830 973 3895 Hec.
992 3833 1056 3895 424
1078 3830 1229 3913 aufugerim

116 3936 224 4024 potius
256 3956 351 4019 quam
380 3933 526 4014 redeam,
556 3934 582 3995 si
612 3954 649 3995 eo
679 3932 757 3995 mihi
786 3932 988 3997 redeundum
1012 3936 1122 3998 sciam.
1162 3931 1226 3996 llelr

118 4062 144 4105 e.
179 4037 231 4100 bei
268 4035 386 4117 Licbig
424 4035 455 4098 S.
495 4035 542 4097 15.
595 4037 688 4121 Conj.
722 4036 941 4119 jussivus
981 4035 1027 4097 im
1060 4034 1218 4120 Hauptsut·

118 4140 237 4203 lIcaut.
261 4138 323 4200 379
345 4137 459 4216 abeas,
487 4137 514 4199 si
544 4136 664 4220 sapias.
700 4136 763 4199 Ad.
787 4135 905 4207 uulsi
934 4138 1039 4202 tusis
1068 4138 1178 4213 homo,
1205 4137 1211 4199 l

117 4241 226 4303 faciat.
