2948 4988
577 314 810 380 -389-

205 509 235 551 e.
261 483 454 550 Fordern.
489 482 563 547 Von
595 484 706 548 diesen
730 484 849 549 Verbis
872 484 914 548 ist
931 486 1093 567 postulare
1114 487 1174 549 mit
1196 486 1269 550 dem

130 586 318 654 teocius.
341 588 376 651 in
397 583 483 649 allen
499 584 681 649 Zeitaltern
702 584 882 670 gebrauoht
905 587 1045 668 worden,
1067 607 1119 650 sm
1142 586 1267 670 16116116-

130 700 193 754 ten
218 690 273 754 bei
295 685 477 767 Plautus,
507 684 566 751 aus
595 686 749 751 welohcm
774 685 894 752 Holtze
917 688 933 752 1
962 688 994 752 S.
1017 688 1080 752 254
1102 689 1148 772 fg.
1172 708 1268 771 sogar

130 793 154 856 5
173 789 305 857 Stellen
320 787 471 870 anftihrt,
495 787 651 852 darunter
665 787 776 872 solche
799 790 857 852 mit
872 786 1064 872 gleicben
1080 789 1267 874 Subjecten,

130 945 139 960 .
168 894 213 958 B.
237 891 413 963 ’1616237
448 887 591 976 postulat
623 910 655 954 se
687 888 850 954 hominem
887 891 921 952 in
958 888 1072 974 plagas
1110 891 1267 955 conicere.
1394 913 1398 921 ·

130 993 207 1059 tud.
232 992 297 1057 990
327 1001 359 1056 61
387 993 524 1056 vitorem
551 1001 584 1054 61
605 992 800 1078 piscatorem
823 997 851 1055 16
872 1013 943 1055 6666
965 990 1120 1077 postulas.
1166 992 1268 1056 Stich.

130 1093 182 1160 88
220 1094 287 1158 bau
318 1090 446 1180 postulo
480 1094 515 1156 in
548 1092 631 1160 lecto
658 1095 728 1157 med
753 1094 953 1158 accumbere.
1003 1092 1080 1158 Und
1111 1115 1146 1158 so
1174 1093 1268 1158 diter.

130 1194 393 1280 tigenthnmlich
415 1195 476 1258 mit
498 1193 572 1258 dem
594 1193 656 1260 Inf.
680 1193 738 1258 des
761 1194 994 1263 Futurums:
1018 1194 1182 1260 1166544
1204 1195 1268 1258 iam

130 1298 316 1363 »ostulabas
340 1307 373 1361 te
394 1304 496 1361 totam
518 1294 665 1360 Siciliam
686 1294 927 1360 devoraturum.
969 1295 1269 1390 1118161661166

130 1402 308 1465 mutem
336 1419 363 1466 c.
393 1397 452 1462 inf.
476 1398 535 1461 fut.
565 1398 616 1462 bei
639 1396 790 1480 Terens.)
836 1397 926 1462 Nach
949 1396 1085 1463 Plautus
1108 1399 1191 1463 wird
1214 1400 1268 1464 die
1403 1478 1408 1487 Ι

130 1499 284 1567 51166166
306 1499 470 1578 seltener,
496 1520 531 1562 so
559 1499 659 1563 sehon
681 1499 768 1562 Ter.
790 1500 854 1564 Ad.
877 1500 941 1564 200
963 1511 1105 1585 emptam
1128 1498 1272 1586 postulat

130 1597 193 1666 ribi
212 1602 348 1667 trsdier.
392 1600 455 1666 879
479 1622 499 1663 a
521 1600 602 1664 meis
624 1622 673 1665 me
687 1603 795 1666 ,amsri
818 1612 850 1665 et
873 1602 984 1686 magni
1005 1600 1106 1688 pendi
1128 1600 1267 1688 postulo.

130 1703 224 1769 Jtnn
248 1704 301 1769 hie
322 1701 390 1767 und
413 1702 455 1766 da
477 1701 530 1766 bei
545 1701 704 1767 Cicero:
728 1725 759 1786 p.
776 1700 909 1781 Quinct.
928 1703 965 1767 18
987 1704 1021 1767 id
1044 1703 1105 1768 tibi
1121 1704 1267 1767 concedi.

130 1799 220 1872 Veri.
242 1807 273 1888 3,
296 1805 339 1869 60
361 1801 505 1890 postulat
531 1826 565 1868 se
587 1802 709 1868 Romae
737 1800 877 1868 absolvi.
922 1805 988 1868 inv.
1012 1805 1041 1880 1,
1063 1806 1105 1870 32
1127 1804 1268 1892 postula·

130 1903 233 1971 simus
261 1905 357 1970 nobis
383 1904 466 1969 illud
494 1942 536 1952 -
563 1905 708 1972 concedi.
753 1905 792 1969 de
814 1927 859 1969 or.
886 1907 919 1987 1,
942 1904 984 1968 22
1017 1908 1088 1993 quis
1122 1917 1268 1972 nostrum

130 2023 193 2069 am
217 2007 389 2094 impudens
412 2008 540 2092 estqui
562 2030 597 2089 se
620 2009 702 2073 scire
723 2017 781 2071 aut
802 2028 897 2093 posse
920 2009 1062 2093 postulet
1083 2008 1190 2093 („sicb
1213 2033 1267 2074 an·

134 2109 273 2194 eiscbig
296 2109 453 2193 macbt“).
497 2110 533 2186 3,
555 2108 598 2172 24
625 2108 690 2172 (1161
719 2119 841 2172 ornate.
866 2129 915 2195 ep,
938 2109 980 2173 ad
1004 2110 1057 2174 ΒΓ.
1083 2113 1112 2190 1,
1136 2111 1177 2174 10
1198 2120 1267 2175 tan-

130 2223 196 2271 tun
223 2212 361 2296 quisque
382 2231 418 2272 sc
440 2210 473 2273 in
496 2232 562 2293 rep.
586 2231 681 2297 posse
703 2208 854 2295 postulat.
900 2210 1052 2275 Cernis.
1076 2209 1118 2275 ad
1135 2209 1213 2275 Her.
1238 2215 1269 2290 1,
1331 2220 1332 2224 ’

130 2304 254 2376 461161
276 2311 412 2396 ignosci.
456 2311 488 2393 2,
512 2312 550 2375 16
572 2311 667 2376 nobis
691 2312 818 2392 ignosci
846 2310 1058 2397 postulamus.
1104 2311 1213 2377 Caes.
1237 2317 1276 2378 b:

130 2451 137 2464 ·
168 2411 216 2492 4,
240 2413 277 2477 16
298 2435 357 2478 cur
378 2413 430 2477 sui
452 2412 630 2499 quidquam
652 2434 724 2476 esse
744 2413 872 2498 imperii
894 2452 936 2462 —
958 2413 1161 2498 postularet?
1182 2413 1268 2478 Liv.

130 2502 161 2582 3,
196 2514 243 2578 22
263 2517 318 2603 qui
340 2551 384 2564 —
405 2513 548 2600 postulet
576 2513 640 2578 sibi
661 2512 799 2579 aliorum
821 2515 930 2599 capita
952 2537 989 2579 ac
1013 2515 1161 2580 fortunas
1183 2538 1268 2580 com-

130 2605 225 2681 ritti.
265 2618 318 2696 32,
340 2617 381 2680 21
414 2638 491 2679 num
520 2617 555 2680 id
578 2616 758 2702 postularet
780 2615 889 2681 facere
910 2614 995 2680 nos?
1038 2617 1089 2696 32,
1112 2618 1153 2682 33
1176 2640 1268 2703 prae·
1319 2672 1322 2676 Α

130 2703 215 2779 flia
235 2718 363 2784 deduci.
410 2718 461 2800 32,
482 2718 525 2781 34
546 2717 625 2804 quid
654 2740 693 2782 ea
720 2718 849 2781 restitui
872 2719 1114 2803 postulantibus
1139 2741 1270 2805 respon·

130 2823 243 2889 flami
284 2820 373 2903 36,6
396 2832 432 2884 ut
455 2818 631 2884 amicitiam
654 2841 764 2884 secum
788 2819 916 2883 institui
938 2840 1002 2883 non
1027 2818 1147 2883 bellum
1169 2820 1269 2884 indici

130 2902 283 2987 iomanis
314 2920 504 3008 postularet.
535 2959 575 2968 -
609 2922 705 2985 Feblt
733 2921 786 2986 bei
810 2919 970 3007 Vellejus‚
995 2920 1066 2985 Val.
1091 2921 1179 2986 Max.
1202 2923 1270 2986 und

130 3002 270 3089 *Urtius
294 3060 336 3070 —
358 3022 450 3089 Tac.
472 3021 504 3087 h.
526 3022 618 3105 2,10
639 3022 846 3088 indefensum
868 3033 901 3086 61
923 3023 1104 3087 inauditum
1128 3023 1204 3087 dedi
1226 3023 1268 3087 ad

130 3109 273 3190 xitium.
317 3124 360 3190 39
391 3125 501 3210 copias
531 3125 641 3189 acciri.
684 3126 716 3207 3,
739 3124 776 3188 81
809 3124 910 3188 eximi
932 3146 1032 3187 unum
1055 3126 1151 3189 diem.
1194 3124 1270 3207 4,2

130 3216 276 3312 Χ116861
302 3225 428 3312 reliqua
456 3223 543 3290 belli.
591 3226 630 3290 19
651 3226 766 3311 augeri
794 3227 939 3312 equitum
967 3247 1148 3290 numerum.
1193 3249 1268 3291 ann.

130 3311 145 3382 '³
171 3318 223 3393 50
241 3331 365 3394 crimen
387 3326 555 3411 distingui.
599 3329 629 3410 4,
651 3328 693 3392 43
715 3328 829 3392 aedem
853 3327 989 3392 Veneris
1013 3329 1199 3393 restaurari.
1237 3329 1267 3407 6,
1377 3395 1386 3408 ,

133 3405 284 3515 2quem
307 3428 419 3516 recipi.
466 3429 515 3510 11,
530 3428 573 3493 30
594 3430 672 3494 cieri
695 3430 893 3496 Narcissum.
940 3429 988 3508 13,
1004 3429 1046 3493 52
1068 3428 1211 3494 defendi.
1227 3467 1268 3477 —

130 3500 182 3624 121
210 3516 534 3616 866166,Ἀ6616]“66
564 3531 632 3596 und
655 3530 783 3595 Gellius
812 3530 902 3594 nicht
930 3530 1097 3613 bomerkt,
1120 3531 1270 3617 dagegen

130 3625 248 3698 heder
269 3633 371 3699 Just.
394 3634 429 3716 6,
453 3634 474 3696 2
504 3631 574 3697 dari
602 3631 666 3696 sibi
697 3634 891 3697 ministrum.
938 3634 967 3713 7,
990 3633 1011 3697 3
1039 3633 1170 3697 obsides
1199 3633 1270 3697 dari

130 3704 200 3790 ibi.
249 3737 299 3818 10,
322 3736 343 3799 2
365 3733 449 3800 hunc
472 3745 599 3822 patrem
621 3733 737 3798 cedere
760 3733 835 3815 sibi,
859 3733 956 3797 sicuti
979 3755 1127 3818 regnum.
1175 3733 1270 3815 12,2
1386 3745 1394 3760 ’

130 3828 342 3901 281116161ὴί
365 3836 409 3901 ab
430 3836 550 3923 Apulis
572 3836 697 3902 urbem.
741 3836 793 3910 42,
815 3835 836 3900 5
860 3833 962 3899 filium
984 3836 1108 3899 remitti
1132 3834 1205 3899 sibi.
1230 3873 1267 3883 —

130 3904 258 4015 lepos
283 3938 332 4021 18,
355 3937 385 4021 8,
408 3937 429 4001 2
451 3961 514 4002 non
537 3958 652 4024 parcre
682 3959 717 4000 se
739 3937 894 4019 ducibus,
923 3935 981 4001 sed
1004 3936 1175 4020 imperare.
1219 3935 1271 4017 23,

134 4009 172 4098 2,
199 4036 279 4104 sis
300 4039 380 4103 seri.
426 4039 535 4104 sacr.
557 4040 589 4121 4,
615 4038 663 4121 rs,
685 4039 715 4103 4.
758 4039 788 4121 6,
812 4039 865 4120 so,
892 4038 940 4102 13.

212 4139 251 4204 In
273 4141 380 4206 dieser
401 4139 520 4225 Menge
544 4162 606 4205 von
630 4139 752 4205 Stellen
781 4139 856 4204 sind
879 4137 987 4204 solche
1010 4137 1070 4202 mit
1091 4137 1268 4202 activern

131 4221 346 4307 ”finitimas
370 4244 454 4307 eben
477 4264 512 4307 6ο
535 4240 638 4307 661166
663 4243 724 4306 wie
746 4242 830 4307 oben
853 4241 906 4306 bei
929 4242 1056 4321 1666666.

130 4434 133 4446 J
173 4427 184 4442 ‚
213 4341 423 4426 Expostulrsrc
455 4345 489 4407 in
517 4344 574 4408 der
597 4343 791 4428 Bedeutung
818 4342 993 4427 „fordern“
1021 4340 1079 4405 hat
1101 4339 1165 4404 den
1188 4341 1266 4403 Acc.

130 4455 145 4474 '·
172 4444 238 4508 llll.
270 4468 332 4512 nur
365 4445 419 4510 bei
440 4444 623 4510 Tacitus:
657 4445 688 4509 h.
716 4448 747 4521 1,
777 4446 818 4509 82
846 4443 974 4508 ostendi
1003 4444 1066 4507 sibi
1097 4441 1270 4506 Othonem.
