2948 4988
612 323 844 388 ...254-

158 491 192 554 in
214 491 275 554 den
311 489 481 575 Digesten.
532 490 704 555 Klassiscli
738 489 805 554 itud
838 487 1022 574 regelrecht
1053 490 1098 555 ist
1131 488 1211 554 aber
1243 486 1260 552 d

158 592 266 658 blosse
289 591 454 674 Infinitiv3
476 591 625 657 denebeu
639 591 768 657 kommt
789 591 872 656 auch
894 590 953 656 der
968 591 1087 655 Accus.
1103 610 1132 653 c.
1148 591 1208 655 inf.
1231 613 1260 655 vt

244 693 382 758 Tendere
397 698 433 757 nt
448 702 514 758 erst
529 693 582 757 bei
605 693 692 757 Liv.
714 693 747 776 3,
766 695 805 759 15
828 702 940 757 contre
962 690 1141 756 tendebant
1160 699 1199 756 ut
1215 688 1260 776 ple

158 802 327 880 suspectos
349 814 404 858 eos
425 793 582 859 facerent.
620 795 652 875 4,
675 795 694 858 't
723 802 760 857 ut
787 792 968 859 habeantur
991 793 1163 878 (comitia).
1207 792 1239 875 6,

159 895 245 981 quod
268 903 360 960 tanta
383 896 417 959 vi
444 905 481 960 ut
503 894 616 960 liceret
646 892 860 960 tetenderant.
896 894 949 978 28,
970 894 1014 958 45
1040 905 1077 958 ut
1098 893 1260 958 voluntari

158 996 279 1060 ducere
301 996 364 1061 sibi
387 996 506 1061 milites
529 997 651 1062 liceret.

244 1096 435 1165 Contentere
462 1105 497 1164 nt
523 1098 604 1163 wird
634 1121 692 1163 aus
720 1098 778 1162 der
805 1096 893 1161 alten
922 1096 996 1160 Zeit
1024 1097 1108 1162 noch
1135 1096 1260 1161 nichte

158 1199 306 1286 gefiihrt,
337 1199 424 1263 danu
454 1199 541 1264 steht
569 1222 604 1264 es
632 1200 695 1264 seit
722 1197 781 1262 der
803 1197 1004 1263 klassischen
1027 1196 1168 1263 Pcriodc
1190 1197 1224 1261 in
1246 1196 1260 1259 d

160 1300 260 1385 Rege]
278 1302 331 1365 bei
353 1299 610 1385 ungleicben,
633 1300 713 1365 aber
728 1298 811 1364 auch
828 1298 880 1363 bei
902 1297 1091 1385 gleichen
1107 1296 1260 1386 Snbjectc

159 1403 238 1466 Cic.
262 1427 292 1487 p.
316 1402 390 1487 Lig.
412 1402 432 1465 3
455 1411 613 1487 quantum
637 1412 749 1487 potero
771 1423 852 1465 voce
880 1400 1074 1465 contendam
1102 1410 1139 1463 ut
1161 1398 1260 1487 hosp

158 1501 255 1590 pulus
285 1502 323 1567 R.
353 1501 520 1567 exaudiet.
557 1503 611 1566 off.
634 1503 664 1585 3,
691 1503 729 1567 10
756 1502 811 1588 qui
838 1500 981 1567 stadium
1008 1500 1127 1582 currit,
1162 1500 1244 1564 eniti

160 1603 358 1670 contendere
381 1602 480 1667 debet
504 1642 540 1651 -
569 1613 605 1668 nt
627 1604 751 1669 vincat.
780 1625 811 1688 p.
834 1601 920 1667 Sest.
943 1602 973 1682 2,
996 1603 1017 1666 ὁ
1046 1599 1260 1687 contendamq

160 1743 200 1753 —
223 1716 259 1770 ut
281 1704 362 1769 nihil
386 1727 406 1768 a
427 1726 479 1768 mc
506 1705 771 1791 praetermissum
797 1702 959 1768 videatur.
993 1701 1035 1768 ad
1065 1701 1130 1784 Qu.
1160 1704 1203 1767 fr.
1234 1704 1260 1784 1,

159 1810 190 1889 ξ.
205 1806 247 1870 42
270 1806 431 1872 contende
446 1828 566 1892 quaeso
590 1817 688 1893 atque
708 1805 853 1886 elabora,
875 1827 940 1870 non
961 1803 1058 1870 modo
1073 1807 1111 1867 ut
1131 1801 1185 1868 his
1206 1803 1260 1868 reb

58 1987 62 1997 ι
159 1907 280 1992 dignus
312 1907 428 1990 inisse,
462 1905 523 1971 sed
550 1907 647 1972 etiam
676 1917 713 1972 ut
741 1905 798 1972 ille
818 1944 861 1954 -
889 1927 1060 1992 superasse
1088 1903 1236 1970 videare.

160 2008 270 2074 Caes.
300 2008 334 2073 b.
356 2030 389 2093 g.
412 2007 487 2089 5‚8
521 2010 618 2073 remis
652 2008 820 2074 contendit
853 2016 889 2072 ut
921 2028 990 2072 cam
1024 2016 1151 2093 partem
1180 2005 1260 2071 insul

161 2119 302 2196 caperet.
341 2109 435 2176 Eben
451 2132 487 2175 so
510 2111 571 2176 mit
584 2110 744 2195 gleicbem
761 2109 911 2196 Subject:
938 2110 1031 2190 1,31.
1069 2107 1171 2174 Sonst
1193 2116 1260 2171 sets

160 2213 287 2295 Cicero,
316 2211 439 2277 Caesar
465 2213 532 2276 und
561 2211 700 2297 Sptttere
731 2211 786 2276 bei
813 2208 1001 2295 gleichen
1030 2208 1209 2296 Snbjecten
1240 2207 1261 2272 d

160 2313 317 2380 Infinitiv.

244 2415 284 2479 In
307 2426 408 2480 etuas
432 2415 644 2480 vertindertcr
672 2412 869 2497 Bedentung
895 2410 1076 2495 „darauf
1093 2411 1260 2478 bestebo

160 2516 363 2601 dringend
390 2516 642 2601 verlangeu“
676 2515 764 2580 steht
797 2513 856 2579 das
883 2513 981 2580 Wort
1008 2513 1062 2578 bei
1090 2511 1210 2579 Cicero
1237 2537 1259 2578 u

160 2619 283 2684 Caesar
303 2618 376 2701 (mit
397 2619 487 2682 einer
509 2619 660 2703 einzigen
675 2615 878 2701 Ansnahme)
901 2636 964 2679 nur
985 2615 1046 2678 mit
1066 2619 1118 2696 un
1142 2613 1260 2679 natiirli

160 2718 235 2783 sind
251 2718 339 2783 dann
355 2719 408 2783 die
423 2719 578 2805 Subjecte
594 2719 628 2782 in
645 2718 772 2805 Haupt·
788 2718 855 2783 und
870 2717 1057 2783 Nebcusatz
1074 2715 1260 2781 verschiede

161 2822 240 2884 Cic.
263 2845 295 2906 p.
318 2819 452 2900 Quinct.
468 2821 511 2884 24
532 2843 605 2886 cum
627 2842 647 2884 a
668 2843 720 2885 me
742 2829 869 2907 peteret
890 2829 923 2883 et
945 2840 1071 2882 summe
1093 2816 1260 2883 contendet

160 2934 196 2986 ut
226 2924 446 3009 propinquum
476 2944 572 2986 suum
599 2921 817 2987 defenderem.
856 2944 886 3005 p.
915 2919 1012 2984 domo
1039 2919 1083 2982 44
1111 2943 1132 2983 a
1159 2920 1200 3000 Q.
1231 2920 1260 2984 s«

159 3023 328 3088 contendit
349 3032 387 3088 ut
402 3023 466 3088 sibi
489 3022 622 3089 domum
639 3025 806 3091 venderet.
850 3023 894 3088 So
917 3023 1001 3086 euch
1022 3021 1057 3085 in
1078 3019 1144 3085 den
1159 3020 1260 3086 Brieft

160 3164 199 3172 -
224 3126 329 3191 Ceos.
359 3125 390 3190 b.
419 3146 450 3208 g.
483 3127 511 3205 7,
535 3127 577 3190 63
605 3126 807 3192 contendunt
839 3133 874 3189 ut
902 3123 982 3209 ipsis
1015 3145 1141 3187 summa
1174 3124 1260 3207 impe

159 3227 319 3293 tradatur.
364 3224 486 3312 Wenig
511 3225 741 3312 gebra‘ucblich
770 3226 823 3291 bei
852 3225 1020 3312 Spitteren.
1069 3224 1134 3289 Mit
1161 3224 1260 3290 bloss·

160 3328 307 3392 Infinitiv
330 3329 364 3392 in
386 3328 493 3392 dieser
515 3327 710 3414 Bedcutung
731 3352 794 3394 nur
816 3329 895 3393 cic.
918 3326 961 3391 ad
977 3325 1040 3406 Qu.
1056 3325 1098 3390 fr.
1116 3328 1181 3409 1,1
1204 3329 1233 3408 6.
1256 3334 1260 3381 -'

244 3430 411 3496 Intendere
432 3453 494 3494 nur
519 3429 658 3512 Quintil.
684 3431 733 3512 10,
753 3433 781 3512 1,
803 3430 846 3495 45
868 3427 1116 3493 intendentibus
1139 3436 1177 3490 ut
1197 3447 1260 3491 ora

160 3554 211 3596 res
234 3532 323 3595 liant.
369 3533 460 3596 Aber
482 3532 573 3598 nicht
594 3531 672 3597 Sall.
696 3530 773 3615 Jug.
795 3532 848 3612 25,
875 3531 921 3594 10.

245 3633 342 3697 Nitor
368 3635 428 3696 mit
455 3638 492 3698 tet
516 3635 561 3698 ist
588 3633 692 3698 seiten
720 3633 785 3697 und
812 3629 1074 3696 necbklassisch:
1110 3630 1200 3695 Tae.
1226 3648 1260 3693 ιι·

162 3737 190 3815 1,
217 3736 251 3797 ll
278 3734 395 3799 nitenti
418 3744 454 3799 ut
477 3757 592 3799 sensus
615 3758 690 3800 suos
713 3734 843 3821 penitus
867 3731 1011 3797 abderet.
1050 3732 1168 3817 (Sonst
1189 3731 1253 3796 hat

160 3836 225 3900 den
249 3835 421 3916 Infinitiv.)
465 3835 562 3922 Nep.
588 3838 616 3920 1,
638 3837 670 3920 4,
693 3837 713 3901 5
736 3836 902 3900 nitebatur
923 3843 960 3899 ut
984 3872 1022 3882 -
1046 3843 1155 3900 castra
1176 3834 1260 3899 fiere

160 3937 222 4001 Mit
243 3959 284 4002 ne
305 3936 407 4001 sehon
430 3936 481 4001 bei
506 3937 636 4003 Sallust.
671 3938 832 4023 Degegen
854 3937 914 4002 mit
937 3937 1011 4001 dem
1032 3935 1181 4001 Infinitiv
1203 3930 1257 3999 seb

161 4037 213 4102 bei
236 4039 381 4120 Ennius,
405 4037 527 4103 Caesar
548 4039 613 4104 und
638 4039 722 4104 blter
745 4041 798 4104 bei
819 4039 948 4104 Livius.

245 4141 383 4205 Aduerso
403 4145 440 4204 ut
460 4139 551 4204 nicht
572 4163 632 4206 vor
658 4139 754 4206 Sall.
785 4139 858 4225 Jug.
882 4140 934 4220 85,
957 4138 977 4202 6
1005 4139 1086 4204 mihi
1114 4139 1260 4203 acriuso

160 4240 327 4306 nitendum
357 4251 406 4305 est
432 4242 480 4306 uti
513 4263 618 4326 neque
645 4264 703 4307 vos
738 4242 910 4327 capiamini
938 4251 970 4305 et
997 4240 1045 4305 illi
1078 4241 1201 4306 frustm
1224 4234 1260 4301 sin

162 4341 259 4406 Danu
287 4341 436 4427 haufiger
464 4344 526 4407 seit
554 4343 716 4408 Livius:
754 4347 781 4426 1,
811 4344 831 4407 9
863 4342 950 4429 quod
978 4343 1154 4408 adnisurus
1181 4360 1260 4428 pror

161 4443 297 4532 quisque
325 4445 368 4508 sit
395 4454 432 4509 ut
454 4481 494 4493 -
517 4443 656 4533 expleat.
700 4444 731 4528 6,
760 4445 780 4511 6
814 4446 1004 4511 adnisurum
1038 4454 1076 4512 ut
1103 4480 1142 4493 -
1172 4439 1260 4508 efficit
