2948 4988
610 313 758 392 ..¹260
802 353 839 363 ..

158 489 194 549 ut
222 487 291 549 sine
320 484 419 549 armis
449 486 666 571 propinquum
689 485 730 548 ad
752 483 893 548 officium
916 484 1098 550 reduceret.
1142 484 1301 549 Daneben

161 586 271 650 finden
294 585 362 650 sich
385 584 795 671 Infinitivverbindungcn.

243 687 364 754 Conari
390 687 434 753 ist
460 687 513 750 nie
544 688 604 752 mit
629 692 665 752 ut
692 687 883 770 construet,
917 707 1031 752 ausser
1057 686 1141 752 nach
1170 687 1301 753 vercul-

158 788 338 874 gehondem
366 790 403 853 id
428 789 482 854 boi
505 787 618 852 Caes.
641 787 672 852 b.
695 810 725 873 g.
752 790 815 870 1‚5
841 787 891 870 id,
926 788 1015 876 quod
1043 789 1154 854 facere
1181 789 1301 853 consti·

159 898 303 971 tuerent,
340 898 517 973 conantur,
555 897 591 953 ut
627 911 644 954 6
678 889 797 955 finibus
831 890 900 954 suis
933 888 1096 955 excedant
1133 889 1218 974 (else
1247 910 1301 954 ex·

35 1032 37 1037 -
158 990 323 1077 plicctiv).

243 1095 273 1174 ξ.
296 1092 368 1157 404.
414 1089 575 1176 Obgleich
596 1093 641 1155 im
666 1090 891 1176 Allgemeinen
914 1093 968 1158 die
990 1092 1093 1177 Regel
1116 1093 1194 1178 gilt,
1226 1091 1301 1156 dass

158 1216 199 1257 zu
229 1195 335 1256 einem
363 1191 706 1278 unpersiinlichen
734 1193 920 1279 Hauptsctz
949 1193 1009 1258 der
1034 1192 1303 1259 Substantivsatz

158 1297 190 1358 in
219 1293 452 1359 Infinitivform
481 1296 566 1377 tritt,
599 1316 635 1358 so
664 1293 767 1359 findet
793 1293 863 1358 sich
892 1296 974 1361 doeh
1003 1295 1115 1381 lutufig
1142 1293 1198 1360 die
1221 1295 1302 1360 Con·

158 1395 317 1461 struction
345 1395 404 1459 mit
432 1401 476 1460 ut.
521 1393 631 1465 Dahin
657 1395 801 1479 geheren
830 1394 884 1459 die
907 1394 1017 1461 Verbo
1045 1397 1102 1462 des
1126 1394 1303 1461 Geschc·

159 1498 271 1580 lions,
306 1497 359 1561 die
385 1500 418 1561 in
443 1499 494 1579 ἕξ.
518 1496 581 1561 335
609 1497 675 1561 und
699 1496 761 1563 386
789 1496 966 1564 behandelt
993 1496 1078 1563 sind.
1130 1500 1186 1562 An
1215 1497 1303 1564 disse

159 1599 309 1665 sclrliesst
331 1598 401 1664 sich
423 1597 583 1662 zunttehst
603 1619 646 1661 cn

249 1703 275 1765 1.
300 1699 361 1766 Est
380 1705 430 1782 ut,
453 1699 519 1764 und
542 1721 630 1764 zuar

243 1804 277 1883 a)
299 1802 334 1864 in
356 1802 414 1865 der
436 1799 631 1885 Bedeutung
659 1822 720 1883 „es
743 1801 787 1866 ist
808 1800 865 1866 der
887 1800 977 1884 Fall,
1000 1800 1115 1885 dess“,
1148 1802 1218 1867 also
1241 1803 1302 1867 wic

160 1903 220 1967 dus
243 1901 492 1989 unperstinliche
514 1904 559 1985 fit,
583 1910 693 1966 zuerst
715 1901 768 1966 bei
784 1901 955 1968 Terenz:
982 1901 1045 1968 Ad.
1061 1903 1092 1986 3,
1108 1902 1178 1986 5,4
1200 1904 1229 1968 si
1244 1912 1302 1983 est,
1327 1964 1329 1968 .

160 2006 188 2067 is
211 2004 358 2068 facturus
380 2012 416 2067 ut
439 2005 481 2068 sit
504 2003 648 2069 officium
671 2026 774 2068 suum.
811 2003 905 2067 Eben
928 2026 974 2087 so,
996 2003 1079 2070 nach
1102 2003 1329 2070 conditio·-

158 2102 289 2168 nelem
312 2104 426 2169 Sotze:
449 2107 478 2170 si
501 2116 550 2172 ost
571 2105 653 2169 Hec.
671 2106 702 2188 3,
719 2105 750 2188 5,
766 2105 817 2170 51.
840 2106 871 2189 4,
890 2106 918 2187 1,
933 2105 985 2171 43.
1008 2105 1187 2190 Ρ1161111.’2,
1206 2109 1236 2189 1,
1251 2107 1329 2171 40-

158 2206 189 2289 5,
206 2205 237 2288 8,
254 2205 306 2270 32.
351 2205 435 2270 Eine
457 2206 579 2271 endere
601 2206 700 2271 Form
724 2207 781 2272 des
804 2207 1017 2291 regierenden
1039 2206 1155 2272 Sotzes
1179 2207 1329 2273 kommt

160 2307 203 2370 im
226 2305 384 2372 Altlatcin
411 2307 501 2373 nieht
530 2330 600 2371 vor.
645 2308 779 2372 Audere
802 2307 943 2373 Formen
970 2317 1074 2373 treten
1103 2329 1170 2372 von
1198 2308 1242 2374 da
1262 2307 1329 2372 cl:

159 2407 232 2472 auf:
263 2408 375 2473 Lucr.
398 2410 429 2492 5,
452 2409 513 2475 977
541 2431 606 2474 non
629 2420 699 2474 erat
720 2420 757 2475 ut
778 2409 849 2475 fieri
872 2418 991 2495 posset.
1037 2408 1116 2474 Cic.
1139 2409 1182 2475 de
1204 2430 1252 2475 or.
1273 2410 1329 2473 22

158 2509 200 2574 36
223 2518 284 2592 est,
307 2509 424 2596 inquit,
448 2520 485 2576 ut
507 2509 601 2594 dicis,
624 2512 758 2594 Antoni,
780 2519 817 2575 ut
839 2510 986 2597 plerique
1006 2510 1195 2598 philosophi
1216 2509 1329 2576 nulle

160 2610 292 2677 tradant
313 2622 487 2699 praecepta
510 2611 649 2676 dicendi.
679 2622 760 2678 orat.
777 2611 819 2677 59
841 2622 891 2677 est
913 2621 1022 2676 cutem
1045 2621 1083 2677 ut
1104 2613 1139 2677 id
1164 2613 1292 2677 maxim·
1312 2648 1329 2675 A

161 2711 283 2777 deceat.
328 2736 360 2800 p.
384 2712 472 2778 Cael.
496 2713 584 2795 6,14
605 2715 711 2798 magis
734 2723 783 2779 est
806 2717 877 2797 („es
900 2714 944 2777 ist
966 2712 1043 2778 eher
1065 2713 1124 2778 der
1147 2712 1240 2793 Fell,
1270 2735 1329 2777 e:

160 2814 204 2878 ist
225 2814 464 2898 natiirlichor“)
500 2824 534 2878 ut
563 2815 634 2901 ipse
663 2815 797 2879 moleste
824 2814 909 2879 ferat
936 2836 1062 2879 errasse
1084 2837 1120 2879 se
1142 2852 1184 2864 -
1208 2836 1329 2902 qnot-

161 2925 197 2980 ut
224 2916 319 2980 istius
348 2917 511 2981 amicitiae
539 2918 662 2980 crimen
684 2914 884 2981 reformidet.
921 2916 973 3000 20,
993 2916 1035 2982 48
1062 2917 1193 3002 quondo
1216 2916 1329 2981 deu

160 3038 221 3102 que
246 3016 311 3098 fuit
341 3028 394 3101 ut,
429 3017 515 3103 quod
546 3016 635 3101 licet,
670 3040 735 3083 non
764 3015 887 3082 liceret.
934 3016 1001 3081 div.
1027 3019 1054 3099 1,
1074 3019 1126 3098 56,
1153 3017 1213 3082 126
1240 3040 1329 3082 nt:

161 3127 212 3182 est
232 3119 333 3202 igitur
354 3128 389 3183 ut
411 3119 594 3184 mirandum
609 3120 654 3185 sit
675 3120 784 3205 (6111111
808 3140 873 3183 non
889 3119 1072 3184 mirandum
1088 3123 1163 3201 est).
1185 3142 1219 3206 p.
1234 3118 1329 3183 ΜΞ

163 3220 214 3301 13,
229 3220 271 3284 35
293 3218 347 3285 1116
369 3226 437 3286 erat
458 3230 494 3285 ut
517 3221 639 3286 odisset
656 3259 694 3269 -
711 3220 916 3284 defensorem
935 3219 1065 3307 (‚,jener
1079 3218 1192 3286 hasste
1207 3218 1329 3285 wir-¹!

87 3359 91 3365 »
161 3321 273 3405 lich“).
306 3321 420 3387 Etwas
442 3323 560 3387 endere
584 3323 637 3388 bei
660 3319 959 3406 voraufgehendem
983 3323 1258 3386 Demonstrati
1299 3343 1329 3353 ·

161 3423 216 3486 fin.
239 3425 270 3506 5,
294 3424 343 3503 16,
362 3424 405 3489 44
437 3425 579 3509 cognitio
608 3435 717 3490 eutem
744 3425 820 3489 leaeo
842 3433 978 3487 estune
1000 3424 1103 3488 nostri
1132 3424 1315 3509 („bssu=

162 3523 260 3589 allein
284 3524 412 3608 darin“)
436 3535 473 3590 ut
495 3527 561 3590 vim
585 3526 729 3612 corporis
752 3524 917 3611 animique
939 3524 1093 3590 norimus.
1125 3514 1129 3521 ’

247 3626 358 3691 Osos.
389 3626 421 3690 b.
445 3650 476 3711 g.
502 3629 530 3708 1,
551 3629 604 3709 31,
627 3629 664 3690 11
700 3628 846 3692 futurum
878 3648 950 3691 esse
982 3608 1225 3713 paucis'lsnnis
1256 3642 1329 3686 a:

163 3748 273 3792 omnes
308 3749 350 3793 ex
384 3727 512 3792 Galliae
545 3728 665 3794 finibus
701 3727 909 3814 pellerentur.
953 3726 1060 3813 (Aber
1088 3727 1146 3793 des
1173 3724 1329 3794 istri*

161 3828 308 3894 11111111.
338 3851 401 3893 von
428 3831 514 3913 fieri,
546 3831 607 3896 wie
633 3829 717 3894 cuch
745 3839 835 3894 sonst
862 3830 896 3894 in
925 3829 988 3893 den
1015 3827 1206 3894 bekannten
1226 3827 1329 3894 Un

162 3930 426 4017 schreibungen.)
470 3932 669 3996 Ausserdem
701 3931 834 3995 werden
866 3953 928 3995 nur
961 3930 1043 3994 noch
1072 3931 1154 3995 zwei
1182 3926 1329 3997 stelle

162 4055 220 4097 aus
245 4033 377 4096 Horon
401 4033 505 4097 citirt:
530 4033 581 4098 od.
606 4033 731 4117 3,1,9.
762 4055 814 4119 ep.
840 4032 974 4116 1,12,2
996 4053 1060 4095 non
1083 4042 1134 4097 cst
1155 4042 1192 4097 ut
1212 4022 1329 4116 oopl‘·

162 4135 264 4199 maior
286 4135 328 4200 ob
352 4136 430 4199 leve
453 4135 567 4199 donari
591 4137 694 4222 possit
722 4135 792 4199 tibi.
834 4134 880 4198 Es
904 4133 1032 4199 kommt
1054 4134 1167 4198 hinnu:
1189 4136 1281 4220 Apu
1295 4117 1329 4185 Ῑ

162 4259 203 4300 m.
228 4236 301 4320 2‚3
335 4258 500 4322 nunquam
534 4237 596 4300 erit
624 4247 660 4300 ut
686 4258 752 4301 non
780 4234 866 4322 apud
896 4244 929 4300 te
949 4235 1109 4300 devertar.
1149 4272 1187 4284 -
1222 4227 1329 4300 Setr

163 4337 265 4404 selten
288 4340 331 4403 ist
352 4338 411 4402 der
432 4337 589 4402 Infinitiv.

248 4439 422 4521 1))Ε11111
448 4448 529 4505 statt
554 4439 623 4505 licet
649 4462 755 4523 „man
778 4437 890 4504 derf‘t
935 4437 1034 4503 Plin.
1059 4439 1090 4503 h.
1113 4461 1146 4503 n.
1171 4439 1210 4505 18
1230 4441 1256 4521 ξ.
1271 4433 1305 4503 3
