2948 4988
632 332 843 396 ..47-

160 481 259 549 Sall.
289 482 442 569 Jug.31,
467 485 506 548 17
533 484 593 548 aul
623 485 697 548 eine
724 484 846 569 Frage:
885 493 982 569 atque
1016 504 1053 546 eo
1085 483 1311 548 vehementius

160 585 331 672 (,‚gewiss‚
355 585 422 649 und
445 585 503 649 das
527 608 579 649 um
604 609 641 651 so
663 583 1005 670 naehdriieklieher.“)

248 687 279 751 4.
322 687 427 769 Atque
449 685 539 751 leitet
560 686 655 753 einen
678 687 948 752 erklarenden
972 688 1094 751 Zusatz
1118 687 1186 751 ein:
1220 684 1310 768 „und

161 793 286 866 awar“,
311 791 361 853 oft
382 790 441 852 mit
464 790 668 874 Steigerung.
711 787 819 853 Plaut.
850 789 967 875 Amph.
992 788 1054 852 742
1083 789 1117 852 in
1139 809 1191 853 me
1214 787 1311 868 inele-

160 899 289 954 menter
311 888 393 956 dicit
415 900 510 976 atque
533 889 567 953 id
590 892 660 955 sine
687 891 783 955 malo.
821 889 939 955 Bacch.
963 890 1026 954 974
1054 891 1311 977 quadringentos
1371 880 1374 884 ’

161 990 248 1056 filios
272 991 371 1057 habet
393 1003 490 1078 atque
513 1013 624 1057 omnes
647 991 750 1057 lectos
774 993 844 1056 sine
860 992 988 1078 probro.
1026 992 1122 1078 Epid.
1142 993 1202 1057 144
1224 994 1309 1057 istuc

162 1092 318 1159 accedam
347 1093 502 1179 periclum
530 1095 639 1181 potius
667 1103 765 1180 atque
793 1093 972 1159 audaciter.
1017 1093 1104 1158 Men.
1129 1094 1191 1158 702
1221 1094 1311 1158 dota-

161 1207 230 1259 tam
253 1217 389 1261 uxorem
412 1205 510 1282 atque
531 1217 638 1260 anum.
682 1193 759 1259 Und
781 1217 817 1260 so
840 1194 914 1260 sehr
936 1195 994 1259 oft.
1039 1196 1092 1260 Da
1115 1194 1222 1260 dieser
1239 1196 1310 1260 'Ge-

161 1296 289 1362 brauch
317 1299 352 1362 in
374 1295 457 1363 allen
481 1297 596 1361 Zeiten
619 1294 769 1360 derselbe
793 1293 912 1376 bleibt,
947 1317 982 1360 so
1010 1304 1134 1383 genligt
1164 1319 1217 1380 es,
1250 1319 1313 1360 nur
1395 1324 1398 1329 ·

162 1399 249 1464 noch
273 1399 326 1464 ein
349 1420 428 1486 paar
449 1396 572 1463 Stellen
587 1420 647 1464 aus
663 1396 861 1462 Klassikern
883 1397 1096 1483 beizuliigen:
1120 1392 1199 1464 oie.
1223 1397 1308 1483 legg.

160 1600 240 1666 farn.
267 1603 295 1684 1,
319 1602 348 1682 8,
373 1605 390 1666 1
420 1610 496 1666 sunt
524 1602 654 1689 quidem
682 1611 769 1667 certe
793 1602 826 1665 in
849 1603 1026 1668 amicorum
1049 1611 1233 1666 nostrorum
1256 1622 1310 1686 po·

159 1711 285 1768 testate
312 1713 411 1790 atque
435 1705 487 1791 ita
515 1714 614 1768 ut-
635 1704 797 1768 videatur.
842 1704 1000 1789 Zugleieh
1030 1704 1090 1768 mit
1113 1703 1310 1787 Steigerung

160 1803 374 1870 verbunden:
408 1804 460 1869 off.
485 1808 512 1889 1,
533 1806 577 1868 44
602 1826 641 1868 ae
669 1804 770 1870 multo
802 1805 902 1869 etiam
929 1805 1043 1889 magis.
1088 1804 1199 1869 Caes.
1223 1803 1254 1867 b.
1277 1825 1309 1888 g.

160 1907 193 1991 3,
219 1907 260 1971 14
282 1929 384 1973 naves
406 1906 632 1994 paratissimae
656 1917 753 1993 atque
776 1908 862 1971 omni
891 1928 1010 1992 genere
1033 1928 1196 1971 armorum
1218 1927 1311 1970 orna-

161 2008 323 2074 tissimae.
361 2008 454 2074 Ibid:
486 2021 585 2095 atque
612 2031 650 2075 eo
679 2010 800 2094 magis,
822 2009 911 2095 quod
933 2018 989 2073 ctt.
1034 2009 1204 2074 Letzteres
1226 2006 1310 2071 auch

162 2110 194 2191 8,
220 2111 272 2175 10.
319 2110 442 2195 (Daliir
462 2114 542 2176 aber
563 2116 593 2176 et
613 2132 651 2176 eo
673 2100 776 2196 magis
801 2100 829 2193 1,
851 2111 915 2194 47.)
960 2111 990 2192 6,
1013 2110 1054 2174 23
1082 2119 1179 2195 atque
1203 2130 1241 2172 ea
1263 2110 1309 2172 iu-

163 2213 312 2278 ventutis
328 2213 533 2278 exercendae
551 2250 587 2261 -
606 2234 704 2277 causa
726 2212 806 2276 fieri.
845 2212 874 2295 8,
891 2213 909 2276 7
925 2221 1022 2297 atque
1044 2211 1103 2276 hos
1125 2210 1208 2297 (und
1224 2231 1313 2274 zuar

164 2314 304 2398 solehe.)
340 2314 372 2380 b.
396 2337 424 2378 c.
450 2316 477 2397 1,
499 2314 543 2379 50
576 2315 610 2378 in
643 2337 742 2380 unum
775 2323 872 2400 atque
905 2301 1078 2398 angustum
1111 2311 1218 2378 locum
1249 2310 1314 2377 tela

163 2415 380 2482 iaciebantur.
424 2414 504 2482 Sall.
527 2415 558 2480 J.
582 2415 633 2500 89,
657 2417 675 2480 7
703 2438 769 2479 una
796 2413 892 2480 modo
921 2425 1019 2501 atque
1046 2436 1085 2478 ea
1113 2414 1199 2478 intra
1221 2415 1312 2500 oppi-

162 2517 241 2582 dum
266 2517 336 2609 iugi
351 2539 444 2604 aqua.
481 2516 570 2599 92,4
592 2516 703 2581 multis
725 2516 806 2581 locis
830 2517 952 2600 potitus
974 2539 1010 2581 ac
1033 2515 1197 2602 plerisque
1220 2536 1312 2580 exer-

163 2619 235 2683 eitu
257 2619 436 2684 incruento.
473 2618 569 2701 95,.3.
611 2618 725 2697 101,2.
763 2618 832 2681 Zur
852 2616 1313 2702 EinleitungeinerParen·

162 2723 302 2792 these:
324 2720 398 2785 Liv.
422 2720 473 2798 21,
497 2719 548 2798 38,
571 2719 591 2782 6
614 2729 712 2805 atque
733 2717 811 2781 inde
833 2741 949 2784 nomen
973 2757 1011 2766 —
1036 2718 1185 2783 inditum.

252 2821 367 2910 Dabin
379 2822 522 2907 gehtren
538 2820 592 2883 die
607 2818 741 2901 Stellen,
762 2843 810 2884 wo
826 2825 919 2903 atque
934 2819 1013 2884 oder
1028 2842 1065 2886 ae
1080 2820 1143 2885 den
1159 2820 1242 2886 Ueb
1252 2843 1311 2886 er-

161 2946 273 3011 gang
306 2945 381 2987 von
424 2924 547 2987 einem
584 2920 850 3007 allgemeinen
881 2921 1063 3007 Begrilse
1101 2946 1146 2986 zu
1185 2925 1312 2989 einem

162 3022 399 3111 speciellen
432 3020 628 3103 vermittelt‚
666 3022 843 3088 besonders
877 3021 1032 3109 folgende
1065 3026 1124 3088 aus
1157 3025 1313 3090 Livius:

165 3130 195 3209 1,
224 3128 239 3189 1
274 3125 353 3191 fides
382 3147 421 3190 ae
449 3123 711 3191 iusiurandum.
752 3127 779 3204 1,
801 3125 843 3188 28
870 3124 969 3189 fidem
997 3147 1035 3189 ac
1058 3125 1201 3191 foedera.
1239 3127 1313 3207 6,6
1385 3119 1391 3136 '

163 3225 292 3294 bellum
314 3237 413 3314 atque
434 3228 598 3292 Antiates.
637 3227 666 3305 7,
692 3226 730 3290 13
762 3237 800 3291 ut
827 3228 907 3299 viris
937 3249 974 3291 ac
1000 3227 1154 3292 Romanis
1177 3228 1313 3313 dignum

164 3332 222 3413 sit,
247 3339 458 3415 pugnaturos.
496 3330 525 3412 7,
547 3329 589 3393 35
617 3329 690 3413 plus
720 3351 817 3415 quam
847 3329 934 3392 viros
962 3349 1000 3392 ae
1023 3328 1185 3393 Romanos
1209 3330 1313 3394 decet.

164 3434 220 3515 21,
245 3432 283 3495 17
307 3429 502 3517 supplicatio
532 3452 590 3518 per
617 3429 732 3494 urbem
761 3429 875 3495 habita
897 3439 995 3516 atque
1016 3429 1145 3495 adorati
1167 3428 1223 3494 dii.
1261 3430 1312 3514 23,

167 3533 211 3597 33
234 3530 334 3597 Italia
354 3532 459 3596 omnis
478 3531 854 3616 —Carthaginiensium
877 3541 976 3617 atque
998 3530 1195 3595 Hannibalis
1218 3541 1313 3595 esset.

171 3634 224 3716 23,
240 3634 282 3698 34
304 3632 424 3698 bellum
448 3655 486 3698 ae
508 3633 723 3699 defectionem
746 3643 1036 3719 omnessspeetare.
1073 3633 1181 3716 33,14
1200 3633 1313 3697 eodem

172 3744 435 3821 temporeatque
456 3773 498 3782 -
521 3736 634 3800 eodem
658 3734 720 3799 die.

256 3836 286 3900 5.
330 3836 489 3921 Dagegen
524 3836 614 3901 fnhrt
648 3842 740 3919 atque
773 3835 855 3899 auch
878 3858 953 3900 vom
984 3836 1206 3923 speeiellen
1240 3859 1314 3900 aum

182 3935 441 4021 allgemeinen
464 3939 596 4025 Begriff.
643 3939 682 4002 In
704 3937 789 4001 allen
805 3937 920 4002 Zeiten
944 3960 1004 4002 vor
1025 3941 1133 4002 omnis.
1151 3977 1191 3986 —
1206 3938 1312 4002 Plaut.

186 4036 323 4103 1111698
346 4040 425 4104 haec
448 4049 546 4125 atque
574 4039 694 4103 similia
722 4038 785 4103 alia
813 4037 932 4103 damna
962 4039 1073 4104 multa.
1111 4039 1228 4103 Pseud.
1255 4040 1315 4103 182

192 4148 303 4202 restem
324 4162 436 4204 aarum
460 4150 558 4226 atque
580 4164 618 4206 ea
644 4140 763 4227 quibus
792 4151 842 4205 est
863 4141 958 4205 vobis
986 4164 1074 4205 usus.
1112 4140 1229 4204 Bacch.
1253 4141 1316 4204 498
1370 4153 1376 4168 '

197 4254 247 4318 me,
269 4249 308 4322 te,
330 4243 466 4306 amicum
492 4252 588 4329 atque
611 4242 702 4306 alios,
742 4243 823 4306 1113
846 4240 959 4326 filium,
983 4264 1034 4307 me
1056 4250 1153 4327 atque
1167 4262 1235 4303 rem
1251 4263 1315 4306 om·

201 4353 258 4399 nem
283 4362 393 4410 meam.
430 4341 507 4407 Aul.
530 4344 593 4408 524
621 4345 698 4408 haec
727 4354 802 4408 sunt
831 4353 928 4429 atque
956 4343 1040 4408 aliae
1062 4343 1182 4406 multae
1205 4380 1242 4389 —
1268 4344 1315 4407 in-

204 4441 428 4510 commoditates.
