2948 4988
556 368 594 377 -·
633 330 699 437 1621
745 370 786 381 -

183 498 212 563 ὃ.
240 499 335 566 Ultra
351 520 448 582 quam
463 500 507 564 ist
521 498 668 584 hautiger
682 498 731 564 als
748 499 801 564 die
816 503 951 586 vorigen
970 500 1242 588 Verbindungen,

39 600 185 665 steht
213 603 293 667 aber
322 601 406 666 auch
434 612 501 667 erat
524 602 576 667 bei
600 602 678 667 Cic.
701 603 768 666 inv,
795 604 828 685 l,
853 602 908 685 18,
930 603 972 666 26
1000 602 1085 668 ultra
1107 627 1138 690 q.
1162 606 1240 670 satis

41 712 133 770 est.
191 703 370 769 Dasselhe:
393 706 420 787 l,
435 703 487 785 49,
503 704 555 769 91.
592 705 689 768 Tusc.
709 707 736 784 1,
752 704 782 786 9,
801 705 838 767 11
863 703 949 768 ultra
965 727 1027 791 quo
1051 706 1243 791 progrediar

43 826 194 889 quam
221 815 257 870 ut
279 815 336 871 ott.
382 804 528 869 Livius
557 807 614 870 hat
641 805 845 890 gewhhnlich
875 808 947 871 eine
975 807 1242 893 voraufgehende

45 904 131 969 Ne
143 907 312 990 gation:
337 908 366 985 8,
383 908 425 972 33
446 928 511 972 non
532 906 620 973 ultra
642 908 789 973 saevisse
812 929 908 991 quam
931 919 967 973 ut
988 946 1024 956 -
1050 931 1124 973 eum
1147 910 1242 975 relin-

50 1018 218 1090 queret.
252 1009 304 1092 32,
321 1009 341 1074 8
362 1030 418 1074 nec
432 1008 538 1074 Attali
560 1009 684 1074 auxilia
705 1019 888 1074 retenturos
911 1009 998 1075 ultra
1012 1033 1043 1096 q.
1060 1011 1131 1096 regi
1154 1033 1240 1077 com·

51 1109 225 1175 modum
248 1120 344 1175 esset.
382 1111 577 1192 26961611
599 1110 685 1174 ultra
706 1123 863 1196 motus-q.
886 1121 923 1174 ut
944 1122 1070 1197 partem
1094 1113 1241 1198 equitum

55 1208 222 1277 iuberet
244 1212 345 1277 exire.
385 1212 478 1276 Eben
501 1235 537 1277 so
559 1212 643 1276 nach
665 1214 764 1279 aila-il:
786 1214 837 1295 31,
864 1212 913 1294 19,
938 1215 966 1275 1.
989 1214 1042 1295 40,
1066 1214 1118 1296 30,
1135 1215 1165 1278 5.
1189 1216 1241 1294 40,

58 1309 127 1390 59,
153 1313 191 1379 8.
229 1313 324 1379 Ohne
347 1314 515 1398 Negation
537 1337 615 1378 nur:
638 1314 690 1396 32,
716 1315 754 1378 16
777 1313 863 1378 ultra
884 1337 915 1400 q.
940 1313 1071 1379 vellent.
1087 1353 1124 1363 —
1144 1314 1242 1380 Dann

60 1414 177 1480 auch
205 1415 259 1481 his
288 1415 356 1480 und
379 1415 488 1480 daim
518 1416 684 1482 silbernen
705 1416 840 1499 Latein,
864 1439 894 1478 z.
917 1415 955 1478 B.
979 1415 1067 1481 Tae.
1091 1417 1122 1480 h.
1145 1417 1177 1498 2,
1201 1419 1240 1484 91

63 1533 148 1579 non
182 1528 291 1583 tamen
314 1518 533 1604 ultraquam.

179 1620 200 1683 i.
234 1619 347 1683 Daran
370 1616 548 1684 schliessen
571 1619 641 1683 sich
664 1620 718 1685 die
742 1621 814 1685 eine
836 1619 1033 1705 Steigerung
1055 1621 1134 1685 oder
1155 1621 1240 1685 Aus-

71 1714 300 1805 sehliessung
322 1720 585 1786 bezeichnenden
599 1721 772 1787 Adierbia
787 1744 880 1805 prae,
898 1726 1034 1805 praeter,
1058 1742 1152 1806 super
1173 1723 1239 1787 und

72 1814 225 1905 inssoper
247 1825 306 1888 mit
327 1822 515 1907 folgendem
537 1844 645 1906 quam.

180 1947 211 1989 α.
245 1925 335 1991 Prae
363 1946 460 2009 qaam
487 1947 549 1989 nur
570 1923 625 1989 Pl.
648 1924 748 1991 Mero.
771 1925 812 1989 23
842 1946 919 2011 prae
948 1924 1114 2012 („mehr“)
1142 1949 1240 2013 quam

76 2037 136 2084 res
170 2029 304 2111 patitur,
328 2027 454 2092 studuit
475 2027 666 2113 elegantiae.
704 2026 802 2093 Most.
821 2027 902 2091 1146
926 2051 1008 2114 p.,q.
1031 2028 1150 2114 quibus
1174 2052 1237 2093 mo·

81 2116 138 2185 dis
169 2127 372 2194 ludificatust
394 2151 456 2193 me.
962 2175 964 2179 ι

179 2232 210 2312 β.
240 2224 494 2314 Praetet'quum
516 2233 550 2295 in
573 2229 872 2296 aussehliessender
893 2230 1090 2316 Bedeutung
1112 2230 1239 2297 iiberall

82 2316 215 2418 11111163,
239 2334 281 2397 im
307 2332 408 2398 Sinne
430 2355 495 2398 von
511 2354 594 2417 prae
617 2353 713 2416 quam
737 2333 887 2415 („mehr
910 2331 995 2417 als“)
1017 2353 1079 2396 nur
1101 2331 1144 2395 im
1167 2333 1239 2397 Alt-

85 2417 210 2498 lateii:
238 2434 360 2500 Naev.
389 2433 492 2500 Colax
520 2435 559 2499 fr.
590 2437 627 2519 3,
648 2435 691 2499 34
723 2444 852 2521 praeter
879 2457 909 2521 q.
939 2432 1067 2498 vellem.
1113 2433 1239 2499 Plaut.

88 2520 188 2599 Pers.
201 2536 264 2602 366
287 2558 371 2623 quae
392 2559 424 2624 p.
448 2538 554 2623 sapiet
577 2559 607 2623 q.
631 2536 738 2622 placet
759 2518 959 2621 parentibhs.
991 2535 1067 2621 Vgl.
1084 2539 1111 2618 ξ.
1123 2535 1197 2620 381,
1212 2539 1239 2600 l.

20 2684 23 2689 .
91 2620 260 2703 Unsieher
282 2640 326 2704 ist
345 2643 512 2721 praeterea
533 2659 632 2721 quam
654 2638 707 2702 bei
731 2637 880 2702 Cannis.
903 2637 934 2721 2,
956 2638 1011 2720 21,
1034 2639 1085 2703 33.

182 2763 211 2822 γ.
243 2740 346 2824 Super
368 2741 435 2804 und
459 2744 587 2824 insuper
612 2761 710 2822 quum
733 2742 787 2822 (=
810 2749 940 2825 praeter
966 2738 1079 2826 quam)
1102 2762 1163 2804 nur
1186 2740 1238 2805 661

95 2825 259 2924 Livius,
288 2852 428 2908 ersteres
451 2844 511 2908 mit
533 2842 716 2927 folgendem
743 2843 841 2923 quod:
869 2841 920 2919 22,
944 2842 974 2922 3,
1000 2842 1039 2905 14
1059 2865 1091 2905 u.
1114 2841 1164 2920 27,
1187 2842 1238 2923 20,

99 2928 152 3019 103
180 2941 331 3009 letzteres
349 2944 403 3026 23,
420 2944 484 3028 7,3
507 2943 564 3009 illa
586 2945 717 3030 insuper
739 2965 835 3030 quam
858 2965 942 3029 quae
964 2955 1061 3028 pacta
1084 2944 1206 3008 erantf
1228 2980 1239 2991 ·

23 3042 26 3047 ’
100 3033 208 3111 tinore
229 3046 388 3132 Campani
411 3045 595 3111 ediderunt.

182 3148 213 3212 k.
239 3149 343 3229 Quum
364 3146 449 3211 nach
465 3146 664 3232 Adjectiven
687 3147 753 3212 und
770 3146 970 3227 Aduerbien,
994 3145 1048 3210 die
1071 3148 1143 3212 eine
1164 3147 1238 3213 Un-

89 3234 321 3315 Ι6181666611
342 3249 551 3316 bezeichnen.

21 3422 25 3429 ,
181 3374 211 3416 α.
243 3352 340 3418 Alias
368 3373 465 3434 quam
492 3351 575 3416 fehlt
602 3349 685 3415 noch
714 3354 747 3414 in
777 3352 835 3416 der
862 3350 1129 3415 vorklassisehen
1152 3351 1238 3433 Zeit,

97 3432 184 3518 dffln
205 3455 368 3519 erscheint
391 3474 424 3518 es
450 3453 501 3518 661
524 3452 670 3517 Cicero
699 3451 784 3517 nach
806 3451 1091 3537 voraut'gehender
1113 3453 1239 3537 Nega·

10 3524 13 3633 l
95 3537 197 3638 li011,
217 3554 376 3621 wahrend
398 3578 433 3620 er
455 3555 498 3619 im
522 3554 741 3619 affirmativen
757 3553 856 3619 Satze
879 3558 972 3637 atque
993 3553 1072 3618 oder
1087 3559 1115 3619 et
1129 3552 1239 3639 lolgen

91 3631 195 3740 ¹²⁸⁸t3
215 3681 245 3746 p.
268 3656 353 3723 sest.
376 3659 408 3738 6.
427 3658 483 3720 141
509 3667 600 3722 ut—
618 3678 682 3722 noa
704 3656 791 3721 aliud
816 3656 858 3720 sit
880 3678 976 3743 quam
999 3677 1107 3720 rerum
1130 3655 1238 3740 potiri.

87 3731 180 3823 3²1).
201 3758 293 3845 perd.
316 3758 353 3842 2,
377 3759 399 3822 4
427 3761 536 3843 agitur
559 3760 645 3823 enim
667 3760 750 3824 nihil
771 3757 860 3824 aliud
883 3761 916 3823 in
939 3757 1000 3822 hae
1023 3779 1120 3822 eausa
1142 3779 1239 3844 quam
1339 3762 1350 3785 ⁸

84 3848 110 3901 '¹¹
137 3871 208 3926 en.
245 3861 343 3927 Eheu
364 3883 400 3926 so
416 3861 502 3946 legg.
522 3863 550 3944 l,
566 3861 597 3942 8,
613 3862 665 3927 25.
700 3860 819 3942 (Daliir
842 3860 926 3944 l'olgt
947 3863 1027 3925 6166·
1050 3859 1146 3923 Rosc.
1163 3859 1239 3923 Am.

78 3932 128 4022 ⁵2,
175 3963 242 4030 152.
287 3962 371 4029 Pin.
397 3964 445 4046 11,
471 3964 520 4028 12.
565 3964 615 4028 off.
642 3968 677 4045 1,
700 3964 752 4028 23.
796 3961 873 4026 fam.
897 3964 928 4045 5,
950 3962 1008 4044 21,
1030 3962 1050 4026 3
1073 3984 1104 4024 u.
1129 3960 1240 4046 efter.)

75 4031 134 4109 Ne
147 4079 229 4146 pos
244 4067 316 4133 Att.
335 4067 384 4148 19,
396 4066 417 4129 2
431 4066 522 4131 nulla
537 4063 604 4130 alia
619 4089 654 4130 re
664 4086 776 4151 quam.
812 4063 973 4129 Dasselbe
983 4063 1035 4147 21,
1050 4065 1077 4127 1.
1100 4064 1238 4126 Ausser·

73 4134 170 4227 d⁰¹h
191 4165 247 4233 hat
269 4190 304 4233 er
328 4166 428 4232 lister:
458 4165 653 4237 nihilaliud
676 4189 782 4252 quam.
829 4165 905 4251 Vgl.
927 4164 1040 4251 Lupus
1064 4165 1097 4228 S.
1123 4162 1184 4227 125
1205 4185 1238 4228 u.

74 4236 168 4329 ¹65.
212 4269 296 4338 Liv.
317 4269 352 4353 2,
376 4269 406 4352 8,
430 4270 450 4334 8
477 4267 559 4333 nihil
587 4269 677 4333 aliud
699 4269 741 4333 ad
764 4290 835 4332 eum
858 4268 1007 4331 nuntium
1031 4286 1051 4328 a
1072 4265 1238 4350 proposito

72 4357 229 4460 ιι191666
254 4393 353 4457 quam
375 4380 411 4435 nt
438 4370 582 4437 cadaver
611 4371 719 4435 efferri
748 4369 882 4435 iuberet.
931 4369 961 4449 1,
984 4366 1026 4432 49
1047 4365 1134 4431 unde
1156 4365 1238 4431 nihil

76 4441 187 4535 allud
207 4496 237 4563 q.
260 4474 415 4562 praedam
445 4495 576 4562 sperare
605 4484 723 4560 posset.
768 4470 987 4556 Dergleiehen
1008 4469 1134 4535 kommt
1156 4468 1247 4535 auch·
