2948 4988
599 356 631 367 -
681 270 827 385 555-

142 513 220 555 ιι5
239 489 372 555 6155561
393 487 451 552 des
475 486 697 573 Hauptsatzes
723 489 775 553 bei
797 488 865 556 015.
881 488 976 554 Tusa.
1000 490 1032 573 4,
1057 441 1163 574 11544
1184 500 1284 555 55515

142 592 378 658 abulabat-
393 589 479 676 quod
502 611 649 655 somnum
672 588 790 677 capere
804 612 868 656 555
884 600 1003 676 posset.
1038 591 1114 676 Vgl.
1136 590 1284 658 daselbst

142 695 262 759 aiter.
286 730 326 742 -
349 692 460 758 Caes.
484 689 516 756 b.
538 712 569 776 g.
592 693 628 773 5,
656 693 676 757 3
703 694 743 756 de
771 692 838 756 suis
866 693 1020 779 privatim
1048 694 1145 758 rebus
1172 703 1284 780 petere

145 804 327 884 eperunt,
350 795 505 882 quoniam
527 792 656 858 civitati
679 794 847 859 consulere
869 816 933 858 non
954 804 1097 882 possent.
1135 795 1177 860 So
1200 795 1283 860 auch

142 919 271 985 epos
296 900 324 979 1,
341 898 372 979 7,
387 893 413 961 5’
427 896 580 981 quoniam
602 896 673 983 ipse
695 916 753 982 pro
775 917 810 960 se
833 894 942 960 dicere
956 919 1018 962 non
1036 906 1157 984 posset,
1181 897 1284 962 verba

142 1003 220 1066 eit
239 1000 340 1064 irater
361 1000 442 1062 cius.
471 996 502 1075 2,
527 991 577 1079 10,
600 995 630 1060 5.
652 997 684 1080 5,
710 998 738 1079 1,
761 996 793 1060 4.
815 997 867 1080 25,
883 997 937 1079 22,
958 998 988 1061 2.
1027 997 1121 1063 0555
1137 998 1283 1065 Verbum

142 1101 285 1166 cendi:
311 1102 366 1178 18,
388 1100 423 1182 9,
447 1099 468 1164 6
495 1106 600 1162 mutat
627 1097 798 1163 eonsilium
827 1108 860 1162 et
885 1100 1037 1185 quoniam
1061 1098 1283 1186 imprudentes

142 1203 259 1293 .0riri
282 1223 348 1267 non
369 1209 497 1288 posset,
519 1199 623 1264 flectit
644 1200 706 1264 iter
728 1222 833 1265 suum.
878 1198 1002 1265 Stellen
1024 1200 1105 1264 iiber
1126 1203 1209 1284 qaod
1230 1202 1283 1266 bei

142 1323 247 1392 epos
267 1303 361 1390 giebt
383 1303 495 1390 Lupus
519 1300 552 1366 S.
580 1302 638 1366 157
661 1301 705 1386 fg.
784 1384 785 1388 Ἰ

224 1406 282 1471 Als
304 1404 441 1470 Verba
463 1403 531 1468 der
552 1400 734 1486 Affeete,
758 1402 863 1468 denen
885 1406 969 1487 qaod
989 1406 1048 1468 mit
1070 1404 1144 1470 dem
1167 1405 1283 1470 Modus

142 1525 205 1568 ιι·
223 1507 402 1572 1561555155
416 1503 507 1570 Reda
530 1503 624 1595 folgt,
648 1505 723 1569 sind
745 1504 829 1570 oben
853 1505 954 1572 sehon
969 1507 1073 1586 larido,
1096 1508 1284 1590 reprehendo

142 1609 209 1672 ld
228 1611 367 1693 vespae
390 1606 587 1673 aus-Cicero
609 1606 795 1691 angefiihrt.
833 1606 927 1671 Dazu
955 1606 1083 1672 kommt
1104 1607 1187 1673 noch
1211 1606 1284 1674 Fol-

142 1710 281 1776 mdes:
306 1710 387 1777 Cic.
411 1732 441 1776 n.
465 1706 498 1772 d.
526 1711 551 1791 l,
573 1707 615 1772 26
637 1708 783 1774 mirabile
805 1708 952 1792 videtur3
981 1709 1068 1796 quod
1091 1730 1156 1774 555
1177 1708 1286 1774 rideat

142 1826 314 1900 aruspex,
338 1833 413 1877 cum
434 1810 637 1896 haruspicem
658 1810 792 1890 viderit;
815 1809 876 1874 hoc
897 1811 1090 1889 mirabilius,
1115 1812 1201 1897 quod
1225 1833 1283 1877 vos

146 1916 227 1977 ter
254 1936 311 1980 vos
340 1915 444 1978 risum
476 1920 587 1976 tenere
615 1911 759 1997 possitis.
791 1911 857 1976 div.
891 1912 927 1994 2,
950 1913 993 1976 24
1019 1914 1074 1999 551
1104 1915 1222 1979 mirari
1250 1932 1285 1977 se

144 2013 259 2100 etat,
281 2014 368 2102 quod
391 2036 454 2080 non
477 2013 600 2079 rideret
621 2012 797 2097 haruspex,
813 2014 1019 2101 haruspicem
1040 2037 1113 2079 oum
1136 2015 1283 2080 vidisset.

142 2117 213 2180 tt.
232 2118 265 2201 6,
288 2118 365 2200 9„1
396 2116 577 2183 admiratus
604 2136 677 2179 sum
706 2114 793 2201 quod
820 2114 922 2180 nihilo
946 2117 1054 2180 minus
1082 2116 1124 2181 ad
1154 2137 1206 2180 me
1228 2125 1285 2180 tua

149 2234 239 2284 anu
259 2219 456 2306 scripsisses.
488 2216 537 2300 16,
555 2216 594 2280 16
609 2220 639 2297 ξ.
657 2217 696 2281 17
720 2238 785 2280 555
807 2217 923 2282 655115
947 2219 1025 2304 5515
1047 2219 1164 2282 mirere
1187 2228 1285 2304 atque

142 2312 238 2385 iam
270 2319 489 2401 stomachere,
523 2340 554 2404 q.
584 2327 693 2382 tecum
727 2318 767 2383 ds
801 2316 914 2382 eadem
947 2340 982 2382 re
1013 2341 1109 2404 agam
1142 2321 1284 2405 saepius.

149 2414 181 2480 i
195 2443 227 2487 s.
247 2424 299 2506 38,
325 2423 374 2504 10,
399 2423 415 2484 1
439 2420 578 2484 mirante
599 2419 742 2501 consule,
766 2441 795 2506 q.
820 2429 1032 2485 morarentur.
1062 2421 1091 2500 2,
1114 2421 1166 2501 54,
1182 2421 1202 2485 8
1216 2420 1285 2485 556

142 2524 321 2603 ὲ85155551
342 2544 418 2589 vom
440 2523 560 2587 Accus.
584 2542 612 2584 5.
635 2521 723 2586 infin.
747 2520 928 2606 abhungig:
952 2523 1010 2604 34,
1032 2523 1084 2605 57,
1109 2523 1149 2585 10
1174 2545 1204 2586 5.
1231 2522 1283 2596 36,

142 2613 192 2697 l,
216 2627 244 2690 2.
273 2625 376 2691 Ρ115.
399 2623 430 2689 5.
447 2646 477 2686 5.
495 2625 533 2687 17
557 2625 588 2704 5.
611 2622 652 2686 28
675 2643 779 2709 55555
801 2621 989 2688 fluminibus
1012 2632 1149 2709 aggesta
1170 2623 1285 2711 (terra)

142 2735 267 2815 ’tapes
290 2725 476 2808 laudabilis,
499 2726 626 2807 quando
641 2723 723 2809 („da
733 2727 811 2812 ja“)
828 2734 1000 2789 senescant
1013 2717 1174 2813 quaedam
1191 2747 1284 2812 aqua.

149 2841 229 2894 aa.
250 2830 287 2912 2,
314 2829 356 2893 37
387 2829 505 2893 mirram
532 2824 596 2891 fuit
623 2824 710 2912 5556
745 2847 857 2912 preces
889 2827 1061 2913 superbius
1094 2829 1283 2914 accepisset.

142 2939 243 3007 [let.
266 2928 446 2997 (1155688
469 2928 690 3010 Ostiensibus,
713 2928 791 3012 quia
813 2927 876 2992 sibi
904 2928 1042 3014 scaphas
1065 2928 1197 2994 obviam
1219 2952 1285 2995 555

142 3021 301 3116 inerint,
330 3033 475 3116 graviter
502 3030 668 3115 correptis.
708 3026 833 3093 Stellen
866 3051 924 3094 aus
958 3029 1094 3115 Nepos
1131 3029 1190 3093 mit
1222 3029 1287 3094 den

142 3133 258 3199 erbis
280 3134 393 3214 laedo,
415 3132 619 3215 reprehendo,
642 3131 754 3209 obicio,
779 3150 903 3215 accuso,
927 3152 1053 3213 555155,
1078 3134 1204 3216 pretias
1227 3154 1286 3217 apo

142 3271 145 3280 ·
200 3234 289 3304 totae
311 3234 404 3320 giebt
425 3235 539 3320 Lupus
563 3232 596 3299 S.
623 3233 694 3298 158.

222 3339 293 3433 pius
315 3335 462 3402 Livius
485 3345 571 3400 wire
599 3333 781 3419 Fulgendes
809 3355 852 3397 au
879 3335 1069 3417 erwahnen,
1100 3337 1204 3400 worin
1234 3338 1284 3400 ein

142 3429 315 3504 *director
347 3435 466 3502 Modus
500 3459 540 3500 au
575 3436 740 3500 erkennen
767 3435 826 3500 ist:
860 3436 919 3518 22,
941 3437 999 3516 33,
1031 3439 1044 3500 l
1076 3438 1165 3500 servi
1188 3456 1230 3485 -·-
1251 3440 1284 3504 15

142 3544 268 3605 *neem
291 3541 371 3623 acti,
393 3537 481 3626 quod
502 3538 736 3603 coniurassent.
767 3559 816 3622 cp.
839 3537 898 3619 45,
925 3538 948 3600 4
975 3548 1012 3602 51
1039 3560 1077 3602 55
1100 3539 1197 3604 5565
1220 3563 1286 3604 555

142 3631 241 3707 ¹›tr'sa
254 3680 292 3692 -
309 3640 453 3708 tenuerit
467 3641 641 3722 Romanos,
666 3637 751 3725 quod
775 3661 901 3703 summa
916 3639 1046 3725 imperii
1061 3661 1098 3704 eo
1115 3640 1169 3705 615
1185 3663 1285 3727 penes

143 3741 412 3809 ε5515515561.
442 3743 500 3826 37,
522 3740 565 3806 53
592 3763 657 3806 555
683 3740 850 3826 gloriabor
878 3761 915 3805 eo
944 3741 1029 3828 quod
1057 3740 1139 3806 nihil
1168 3744 1201 3805 in
1226 3764 1285 3808 vos

142 3836 344 3932 eliquerim.
383 3847 419 3926 5,
452 3849 465 3908 l
497 3845 606 3929 gravis
635 3844 699 3908 iam
729 3866 787 3909 rex
815 3852 912 3907 antea
939 3843 1029 3928 genti
1057 3843 1181 3925 fuerat,
1204 3846 1282 3927 qaia

142 3932 307 4013 ³llemnia
329 3947 479 4013 ludorum
502 3984 542 3995 -
566 3944 726 4010 violenter
748 3945 943 4010 diremisset.
972 3943 1024 4027 21,
1048 3944 1079 4028 9,
1104 3948 1120 4008 1
1145 3968 1218 4010 cum
1244 3983 1277 3993 -

142 4051 344 4132 'agustinia
367 4049 445 4137 quia
466 4059 595 4136 praeter
618 4069 708 4134 spem
731 4048 936 4128 resisterent,
965 4047 1145 4111 crevissent
1170 4047 1282 4130 animi,

142 4126 283 4315 ’‘plenus,
313 4151 389 4239 quia
425 4172 490 4215 555
527 4151 676 4234 vicisset,
706 4171 763 4236 pro
793 4150 881 4214 victo
910 4157 1011 4231 esset,
1041 4149 1215 4213 clamorem
1242 4186 1280 4196 -

142 4255 177 4303 ὓ
203 4263 266 4320 unt.

226 4354 308 4420 Eine
330 4353 448 4419 freisre
463 4354 681 4441 Anwendung
695 4352 797 4420 findet
812 4355 870 4417 der
886 4351 1085 4443 Conjunctiv
1100 4351 1155 4415 bei
1170 4351 1285 4418 Caes.

144 4434 181 4512 1)·
205 4478 230 4522 5.
253 4459 293 4543 3,
319 4456 379 4522 106
403 4479 595 4524 concursum
619 4457 662 4523 ad
685 4479 720 4522 se
743 4456 812 4522 fieri
835 4455 942 4538 videt,
971 4455 1059 4543 quod
1082 4455 1189 4520 fasces
1213 4464 1288 4522 ante
