2948 4988
589 314 736 380 --659
783 352 819 363 ,

142 483 172 548 21
195 486 310 572 (jetan
339 485 422 572 qui.)
468 483 720 550 8111011133
748 505 806 550 nos
835 507 927 550 arma
957 508 1061 573 neque
1091 494 1204 551 contra
1226 508 1282 571 pa·

142 588 229 651 triam
259 589 389 671 cepisse
410 608 515 674 neque
539 608 616 673 quo·
631 587 810 672 pericnlum
833 587 905 653 aliis
931 587 1128 671 faceremus,
1157 587 1214 652 sed
1237 596 1282 652 ut.

142 688 251 754 [lvid.
268 690 337 753 her.
355 688 406 771 20,
422 689 463 753 23
486 688 575 753 fraus
598 710 670 753 mea
693 689 773 776 quid
795 691 891 776 petiit
913 689 977 753 nisi
1000 712 1063 776 quo
1080 689 1148 773 „tibi
1170 691 1282 774 iunge·

142 789 290 855 reruni?

218 893 333 973 §.542
367 892 567 975 Negative
584 891 821 957 Finalstitze
843 893 984 975 werden,
1007 913 1102 956 wenn
1126 893 1173 956 sie
1193 891 1285 956 nicht

142 996 193 1059 nit
216 994 322 1058 einem
345 995 636 1078 voraufgehenden
659 995 846 1059 Finalsatze
869 995 1050 1061 coordinirt
1072 993 1156 1072 sind,
1181 992 1283 1058 durch

142 1117 180 1178 ue,
204 1101 242 1161 ut
263 1117 312 1179 ne,
334 1116 395 1177 quo
418 1117 465 1174 ae,
489 1117 550 1177 queo
571 1098 679 1161 minua
700 1097 767 1160 und
790 1116 850 1178 quo
871 1098 970 1162 sedus
992 1095 1208 1181 angehniipft.

222 1199 249 1264 1.
274 1198 340 1261 Die
361 1195 620 1282 gewdhnliehste
642 1198 749 1262 dieser
764 1196 934 1262 Partikeln
957 1198 1070 1263 istae.
1108 1195 1172 1260 Wo
1188 1195 1285 1261 dafhr

142 1304 256 1364 daea
279 1298 382 1381 steht,
411 1300 454 1363 ist
475 1298 567 1363 nieht
589 1298 649 1363 der
671 1300 764 1377 Sata,
793 1299 935 1364 sondern
963 1321 1024 1363 nur
1051 1300 1104 1363 ein
1127 1296 1285 1362 Satztheil

142 1403 297 1465 serneint.
341 1400 674 1467 Demonstrative
697 1400 894 1466 Ausdriicke
916 1403 959 1466 im
983 1401 1168 1487 Hauptsatn
1191 1398 1283 1463 sind:

142 1511 312 1590 propterea
340 1499 393 1566 bei
415 1501 502 1569 Ter.
526 1502 610 1567 Eun.
634 1502 683 1567 63.
720 1502 841 1567 ideirco
866 1502 934 1566 Cic.
957 1503 1054 1568 Rosc.
1078 1524 1158 1568 com.
1181 1501 1211 1583 7,
1232 1500 1283 1565 20.

142 1603 209 1669 ideo
233 1602 329 1667 Verr.
353 1610 366 1667 l
393 1608 424 1685 ξ.
442 1603 512 1668 106.
550 1603 639 1668 Liv.
655 1605 686 1682 4,
701 1605 731 1667 6.
769 1603 941 1683 Quintil.
964 1604 996 1687 4,
1015 1604 1042 1687 l,
1057 1604 1109 1670 33.
1146 1604 1284 1667 obeam

142 1725 266 1770 musam
290 1705 371 1770 Cio.
396 1705 490 1769 Verr.
512 1704 534 1767 2
556 1709 587 1786 ξ.
611 1705 661 1770 99.
713 1790 715 1795 ,
1229 1771 1232 1778 ,

216 1807 247 1873 2.
274 1805 382 1872 Ueber
399 1811 434 1871 ul
454 1807 493 1872 n'e
508 1807 542 1871 in
557 1807 866 1873 Substantivstitzen
889 1807 1024 1875 handelt
1039 1813 1071 1890 ἓ.
1085 1810 1159 1873 411.
1195 1809 1283 1873 Dasa

142 1930 168 1973 es
189 1933 233 1975 au
255 1907 343 1973 allen
358 1907 474 1972 Zeiten
497 1909 579 1972 auch
602 1907 731 1973 finale
747 1910 845 1974 Sitne
868 1909 1025 1991 einleitet,
1048 1911 1210 1977 beweisen
1225 1909 1284 1974 fol·

142 2011 239 2093 gende
255 2008 398 2076 Stellen:
422 2008 579 2073 Ennius
602 2030 653 2094 ap.
677 2010 745 2079 Cic.
769 2011 810 2075 de
833 2033 879 2076 or.
899 2014 962 2095 19.
982 2012 1041 2078 199
1063 2035 1144 2100 quos
1167 2034 1227 2096 ego
1242 2048 1281 2062 --

142 2108 279 2195 dimitto,
310 2121 345 2176 ut
373 2132 415 2175 ne
442 2132 492 2175 res
515 2121 637 2177 temere
659 2122 799 2179 tractent
824 2114 984 2179 turbidas.
1030 2113 1157 2181 Plaut.
1184 2114 1283 2178 Mero.

143 2210 200 2278 960
222 2224 258 2279 at
281 2234 350 2298 ego.
365 2215 648 2299 expurigationem
672 2215 811 2294 habebo,
836 2225 926 2281 utne
949 2224 1149 2280 succenseat.
1188 2215 1284 2300 Capt.

142 2311 195 2381 267
218 2337 261 2380 ne
285 2312 319 2378 id
343 2313 475 2400 quidem
498 2313 661 2381 involucri
683 2316 805 2382 inicere
828 2315 941 2400 voluit,
968 2325 1093 2381 vestem
1114 2327 1213 2381 utne
1235 2317 1283 2380 in-

142 2417 259 2500 quinet.
297 2416 383 2480 Ter.
408 2416 494 2480 Eun.
512 2417 571 2481 941
597 2439 658 2503 ego
682 2428 714 2482 te
736 2457 777 2466 —
799 2417 950 2501 ulciscar,
972 2428 1010 2483 ut
1031 2439 1072 2482 ne
1094 2419 1228 2504 impune
1249 2420 1285 2481 in

142 2536 191 2584 ros
221 2518 385 2586 inluseris.
429 2518 508 2583 Hec.
535 2520 595 2584 105
617 2542 734 2606 nempe
761 2542 798 2585 ea
820 2541 936 2603 eausa,
966 2530 1003 2585 ut
1025 2542 1066 2584 ne
1088 2520 1123 2584 id
1146 2520 1205 2585 fiat
1227 2541 1283 2605 pa·

142 2621 223 2686 am?
260 2621 341 2686 cie.
365 2619 497 2687 Verr.4
519 2625 548 2702 ξ.
565 2622 607 2685 32
629 2623 708 2708 quid
731 2623 782 2686 vis
805 2622 899 2686 nobis
923 2624 1012 2706 dare,
1033 2632 1071 2685 ut
1092 2622 1147 2687 isti
1170 2621 1229 2686 abs
1253 2631 1285 2687 te

142 2739 178 2784 te
196 2720 402 2786 auferantur.
446 2745 478 2808 p.
502 2723 586 2787 Sest.
609 2722 666 2806 24,
688 2725 729 2788 53
752 2734 785 2786 et
807 2745 845 2787 ea
866 2723 935 2803 lex,
959 2746 1042 2811 quae
1065 2733 1102 2788 ut
1123 2744 1163 2787 ne
1186 2724 1285 2787 ferre·

142 2840 203 2907 ur,
227 2832 361 2888 senatus
384 2822 492 2887 fuerat
516 2834 607 2889 veste
629 2834 766 2890 mutata.
809 2849 839 2889 n.
863 2825 894 2890 d.
918 2827 953 2907 1,
977 2827 1007 2909 l,
1032 2827 1070 2891 17
1094 2826 1153 2889 sed
1174 2834 1211 2889 ut
1233 2824 1286 2888 hic

142 2958 176 2973 κ
193 2948 236 2989 ne
252 2927 388 3009 ignoret,
411 2947 561 3012 quaeres
582 2936 713 3011 agatur:
737 2927 779 2990 de
800 2912 918 2991 natura
938 2927 1118 3011 agebamus
1140 2927 1284 2993 deorum.

145 3072 156 3087 .
185 3024 305 3094 Rabir.
327 3027 363 3109 3,
386 3027 406 3090 9
429 3028 577 3113 suspicor
598 3049 632 3094 eo
653 3028 732 3092 mihi
759 3028 954 3093 semihoram
976 3050 996 3092 a
1016 3028 1164 3094 Labieno
1192 3048 1284 3113 prae-

142 3130 289 3194 titutam
305 3150 387 3209 esse,
411 3137 504 3193 utne
520 3129 613 3213 plura
628 3130 669 3193 de
691 3131 850 3216 pudicitia
872 3130 1023 3196 dicerem.
1061 3132 1115 3203 off.
1133 3132 1149 3193 1
1166 3133 1196 3211 ξ.
1216 3129 1285 3194 103.

142 3225 266 3296 'arro
288 3252 315 3295 r.
328 3252 355 3294 r.
370 3231 402 3313 2,
415 3230 446 3314 2,
462 3231 509 3294 19.
529 3231 561 3312 3,
580 3232 627 3309 16,
644 3232 695 3296 34.
718 3233 779 3297 Bei
795 3233 925 3310 Caesar,
942 3231 1066 3297 Sallust
1079 3232 1147 3296 und
1168 3232 1285 3296 Livius

142 3329 226 3398 icht
247 3332 426 3416 gesunden.
471 3330 569 3396 Bell.
594 3334 677 3397 Afr.
701 3334 721 3396 9
744 3334 805 3398 hoc
828 3354 901 3397 eum
922 3335 1038 3399 ideireo
1062 3334 1216 3399 existimo
1239 3333 1285 3397 fe-

142 3429 236 3515 isse,
266 3443 304 3497 ut
325 3435 489 3498 maritima
512 3432 633 3520 oppida
656 3445 727 3521 post
751 3455 787 3499 se
808 3456 849 3498 ne
871 3457 977 3500 vacua
998 3435 1171 3521 linqueret.
1215 3435 1284 3500 All·

142 3534 276 3600 sahlieh
293 3534 422 3600 seheint
437 3537 491 3600 die
507 3535 738 3602 Construction
754 3559 795 3600 au
819 3534 1083 3616 versohwinden3
1106 3537 1159 3601 ich
1175 3537 1284 3602 kenne

142 3635 318 3702 urnach:
349 3637 657 3720 Phaedr.4,24,
682 3637 731 3701 14.
777 3636 884 3702 Suet.
909 3637 981 3704 Tib.
1003 3639 1057 3702 49.
1102 3637 1281 3724 Calig.41‚

142 3734 221 3804 lell.
242 3739 283 3821 5,
311 3739 363 3823 12,
386 3738 405 3802 8
434 3740 590 3826 quosdam
617 3738 742 3823 (deos),
772 3748 871 3803 utne
898 3739 1067 3821 obessent,
1096 3737 1280 3826 placabant.

142 3832 207 3926 'gl
231 3839 365 3905 hiermit
386 3844 416 3924 ξ.
438 3841 501 3904 411
525 3863 578 3905 am
601 3841 704 3905 Ende.

216 3942 249 4006 3.
283 3942 348 4007 Die
370 3941 587 4026 Verbindung
610 3962 670 4024 quo
691 3963 732 4008 ne
752 3943 796 4007 ist
822 3942 926 4007 selton
949 3943 1016 4007 und
1039 3942 1125 4006 steht
1148 3951 1216 4006 erst
1236 3942 1281 4006 im

142 4039 319 4130 tputlrtein
341 4044 395 4108 sur
416 4049 452 4110 ut
465 4065 512 4110 ne.
550 4043 611 4107 Bei
633 4042 788 4109 fritheren
804 4047 952 4109 Antoren
973 4045 1017 4107 ist
1040 4046 1087 4107 sie
1101 4041 1218 4108 anders
1241 4065 1282 4108 zu

142 4145 297 4213 rkluren.
336 4144 401 4209 Die
424 4149 524 4210 sehon
548 4168 613 4211 von
634 4145 734 4209 Hand
758 4147 802 4209 im
827 4147 924 4214 Turs.
947 4146 977 4226 4,
999 4146 1041 4209 36
1063 4146 1283 4226 angefhhrten

142 4239 257 4314 itellen
285 4247 450 4312 beweisen
471 4247 557 4316 dies:
582 4248 667 4312 Ter.
692 4249 795 4312 Andr.
818 4248 881 4311 334
903 4246 1018 4330 fingite
1045 4247 1189 4311 invenite
1211 4245 1280 4311 affi-

142 4346 194 4416 :ite
222 4349 281 4436 qui
303 4350 359 4437 (=
381 4368 445 4436 quo
469 4349 579 4433 modo)
609 4351 703 4413 detur
730 4347 809 4431 tihi3
839 4370 899 4433 ego
921 4347 956 4412 id
978 4369 1089 4433 agam,
1118 4347 1198 4412 mihi
1226 4346 1283 4433 qui

142 4467 173 4517 ne
199 4453 308 4520 detur.
352 4450 433 4516 cie.
458 4451 533 4519 fam.
556 4453 585 4535 7,
608 4451 643 4531 2,
669 4452 680 4514 1
715 4450 774 4515 sed
803 4472 841 4516 eo
871 4450 983 4514 vidisti
1011 4447 1164 4533 multum,
1193 4447 1281 4536 quod
