<?xml version="1.0" encoding="UTF-8"?>
<!DOCTYPE html PUBLIC "-//W3C//DTD XHTML 1.0 Transitional//EN"
    "http://www.w3.org/TR/xhtml1/DTD/xhtml1-transitional.dtd">
<html xmlns="http://www.w3.org/1999/xhtml" xml:lang="en" lang="en">
 <head>
  <title>
</title>
<meta http-equiv="Content-Type" content="text/html;charset=utf-8" />
  <meta name='ocr-system' content='tesseract 3.04.00' />
  <meta name='ocr-capabilities' content='ocr_page ocr_carea ocr_par ocr_line ocrx_word'/>
</head>
<body>
  <div class='ocr_page' id='page_1' title='image "./historischesynt01draegoog/historischesynt01draegoog_0810.png"; bbox 0 0 2948 4988; ppageno 0'>
   <div class='ocr_carea' id='block_1_1' title="bbox 610 330 837 412">
    <p class='ocr_par' dir='ltr' id='par_1_1' title="bbox 610 330 837 412">
     <span class='ocr_line' id='line_1_1' title="bbox 610 330 837 412; baseline -0.004 -35"><span class='ocrx_word' id='word_1_1' title='bbox 610 330 837 412; x_wconf 59' lang='lat'><strong>‚735-</strong></span> 
     </span>
    </p>
   </div>
   <div class='ocr_carea' id='block_1_2' title="bbox 157 495 1294 588">
    <p class='ocr_par' dir='ltr' id='par_1_2' title="bbox 157 495 1294 588">
     <span class='ocr_line' id='line_1_2' title="bbox 157 495 1294 588; baseline -0.005 -23"><span class='ocrx_word' id='word_1_2' title='bbox 157 501 288 567; x_wconf 90' lang='lat' dir='ltr'>adducti</span> <span class='ocrx_word' id='word_1_3' title='bbox 312 538 351 550; x_wconf 91' lang='lat'><em>-</em></span> <span class='ocrx_word' id='word_1_4' title='bbox 375 499 520 588; x_wconf 89' lang='lat' dir='ltr'>superati</span> <span class='ocrx_word' id='word_1_5' title='bbox 544 538 581 548; x_wconf 90' lang='lat'>—</span> <span class='ocrx_word' id='word_1_6' title='bbox 606 500 731 565; x_wconf 87' lang='lat' dir='ltr'>lusi-</span> <span class='ocrx_word' id='word_1_7' title='bbox 757 498 949 581; x_wconf 87' lang='lat' dir='ltr'>conflictati,</span> <span class='ocrx_word' id='word_1_8' title='bbox 976 534 1019 546; x_wconf 85' lang='lat'>-</span> <span class='ocrx_word' id='word_1_9' title='bbox 1046 496 1173 562; x_wconf 87' lang='lat' dir='ltr'>deiecta</span> <span class='ocrx_word' id='word_1_10' title='bbox 1201 495 1294 579; x_wconf 85' lang='lat' dir='ltr'>turri,</span> 
     </span>
    </p>
   </div>
   <div class='ocr_carea' id='block_1_3' title="bbox 150 597 1372 2928">
    <p class='ocr_par' dir='ltr' id='par_1_3' title="bbox 151 597 1295 894">
     <span class='ocr_line' id='line_1_3' title="bbox 155 597 1293 688; baseline -0.005 -21"><span class='ocrx_word' id='word_1_11' title='bbox 155 601 317 669; x_wconf 85' lang='lat' dir='ltr'>labefacta</span> <span class='ocrx_word' id='word_1_12' title='bbox 346 624 464 687; x_wconf 86' lang='lat' dir='ltr'>magna</span> <span class='ocrx_word' id='word_1_13' title='bbox 492 611 585 688; x_wconf 89' lang='lat' dir='ltr'>parte</span> <span class='ocrx_word' id='word_1_14' title='bbox 613 603 710 684; x_wconf 87' lang='lat' dir='ltr'>muri,</span> <span class='ocrx_word' id='word_1_15' title='bbox 745 599 878 667; x_wconf 81' lang='lat' dir='ltr'>auxiliis</span> <span class='ocrx_word' id='word_1_16' title='bbox 907 599 1088 686; x_wconf 85' lang='lat' dir='ltr'>desperatis</span> <span class='ocrx_word' id='word_1_17' title='bbox 1115 637 1151 645; x_wconf 93' lang='lat'><em>—</em></span> <span class='ocrx_word' id='word_1_18' title='bbox 1176 597 1293 662; x_wconf 84' lang='lat' dir='ltr'>consti-</span> 
     </span>
     <span class='ocr_line' id='line_1_4' title="bbox 151 699 1295 790; baseline -0.005 -20"><span class='ocrx_word' id='word_1_19' title='bbox 151 714 256 770; x_wconf 86' lang='lat' dir='ltr'>tuunt.</span> <span class='ocrx_word' id='word_1_20' title='bbox 294 705 364 769; x_wconf 87' lang='lat' dir='ltr'>Das</span> <span class='ocrx_word' id='word_1_21' title='bbox 387 714 482 790; x_wconf 74' lang='lat' dir='ltr'>spate</span> <span class='ocrx_word' id='word_1_22' title='bbox 503 704 619 770; x_wconf 90' lang='lat' dir='ltr'>Latein</span> <span class='ocrx_word' id='word_1_23' title='bbox 649 704 718 770; x_wconf 82' lang='lat' dir='ltr'>halt</span> <span class='ocrx_word' id='word_1_24' title='bbox 741 702 811 770; x_wconf 88' lang='lat' dir='ltr'>sich</span> <span class='ocrx_word' id='word_1_25' title='bbox 833 725 898 768; x_wconf 90' lang='lat' dir='ltr'>von</span> <span class='ocrx_word' id='word_1_26' title='bbox 921 700 1052 767; x_wconf 91' lang='lat' dir='ltr'>solchen</span> <span class='ocrx_word' id='word_1_27' title='bbox 1077 699 1295 785; x_wconf 80' lang='lat' dir='ltr'>Stiltibungen</span> 
     </span>
     <span class='ocr_line' id='line_1_5' title="bbox 151 805 489 894; baseline -0.003 -22"><span class='ocrx_word' id='word_1_28' title='bbox 151 805 385 894; x_wconf 84' lang='lat' dir='ltr'>geflissentlich</span> <span class='ocrx_word' id='word_1_29' title='bbox 408 806 489 872; x_wconf 88' lang='lat' dir='ltr'>fern.</span> 
     </span>
    </p>

    <p class='ocr_par' dir='ltr' id='par_1_4' title="bbox 150 906 1372 2624">
     <span class='ocr_line' id='line_1_6' title="bbox 234 906 1372 993; baseline -0.003 -20"><span class='ocrx_word' id='word_1_30' title='bbox 234 911 265 990; x_wconf 62' lang='grc' dir='ltr'>ξ.</span> <span class='ocrx_word' id='word_1_31' title='bbox 288 908 361 973; x_wconf 84' lang='grc'>590.</span> <span class='ocrx_word' id='word_1_32' title='bbox 407 908 515 974; x_wconf 91' lang='lat' dir='ltr'>Wenn</span> <span class='ocrx_word' id='word_1_33' title='bbox 544 907 672 993; x_wconf 85' lang='lat' dir='ltr'>Fulge</span> <span class='ocrx_word' id='word_1_34' title='bbox 705 909 783 973; x_wconf 90' lang='lat' dir='ltr'>oder</span> <span class='ocrx_word' id='word_1_35' title='bbox 810 907 959 973; x_wconf 85' lang='lat' dir='ltr'>Zweck</span> <span class='ocrx_word' id='word_1_36' title='bbox 992 907 1052 970; x_wconf 90' lang='lat' dir='ltr'>der</span> <span class='ocrx_word' id='word_1_37' title='bbox 1080 906 1294 991; x_wconf 82' lang='lat' dir='ltr'>Gegenstand</span> <span class='ocrx_word' id='word_1_38' title='bbox 1366 927 1372 938; x_wconf 92' lang='lat'><strong>·</strong></span> 
     </span>
     <span class='ocr_line' id='line_1_7' title="bbox 151 1007 1295 1096; baseline -0.002 -22"><span class='ocrx_word' id='word_1_39' title='bbox 151 1012 240 1074; x_wconf 90' lang='lat' dir='ltr'>einer</span> <span class='ocrx_word' id='word_1_40' title='bbox 268 1009 378 1096; x_wconf 86' lang='lat' dir='ltr'>Frage</span> <span class='ocrx_word' id='word_1_41' title='bbox 406 1011 468 1091; x_wconf 82' lang='lat' dir='ltr'>iet,</span> <span class='ocrx_word' id='word_1_42' title='bbox 497 1032 533 1075; x_wconf 88' lang='lat' dir='ltr'>so</span> <span class='ocrx_word' id='word_1_43' title='bbox 563 1010 654 1074; x_wconf 83' lang='lat' dir='ltr'><strong>kann</strong></span> <span class='ocrx_word' id='word_1_44' title='bbox 682 1008 735 1074; x_wconf 91' lang='lat' dir='ltr'>die</span> <span class='ocrx_word' id='word_1_45' title='bbox 757 1007 937 1076; x_wconf 86' lang='lat' dir='ltr'>Ursache</span> <span class='ocrx_word' id='word_1_46' title='bbox 964 1007 1044 1074; x_wconf 90' lang='lat' dir='ltr'>oder</span> <span class='ocrx_word' id='word_1_47' title='bbox 1072 1008 1131 1073; x_wconf 86' lang='lat' dir='ltr'>dae</span> <span class='ocrx_word' id='word_1_48' title='bbox 1159 1007 1295 1074; x_wconf 88' lang='lat' dir='ltr'>Mittel</span> 
     </span>
     <span class='ocr_line' id='line_1_8' title="bbox 151 1110 1294 1197; baseline -0.003 -20"><span class='ocrx_word' id='word_1_49' title='bbox 151 1112 254 1177; x_wconf 85' lang='lat' dir='ltr'>durch</span> <span class='ocrx_word' id='word_1_50' title='bbox 278 1111 330 1176; x_wconf 92' lang='lat' dir='ltr'>ein</span> <span class='ocrx_word' id='word_1_51' title='bbox 352 1113 386 1176; x_wconf 95' lang='lat' dir='ltr'>in</span> <span class='ocrx_word' id='word_1_52' title='bbox 409 1110 472 1177; x_wconf 90' lang='lat' dir='ltr'>den</span> <span class='ocrx_word' id='word_1_53' title='bbox 488 1111 712 1196; x_wconf 82' lang='lat' dir='ltr'>Fragesatz</span> <span class='ocrx_word' id='word_1_54' title='bbox 735 1111 1086 1196; x_wconf 85' lang='lat' dir='ltr'>eingeschobenes</span> <span class='ocrx_word' id='word_1_55' title='bbox 1108 1110 1294 1197; x_wconf 88' lang='lat' dir='ltr'>Particip</span> 
     </span>
     <span class='ocr_line' id='line_1_9' title="bbox 150 1211 1295 1301; baseline -0.003 -22"><span class='ocrx_word' id='word_1_56' title='bbox 150 1214 375 1301; x_wconf 81' lang='lat' dir='ltr'>ansgedrtickt</span> <span class='ocrx_word' id='word_1_57' title='bbox 404 1212 545 1278; x_wconf 84' lang='lat' dir='ltr'><strong>werden.</strong></span> <span class='ocrx_word' id='word_1_58' title='bbox 583 1213 684 1279; x_wconf 87' lang='lat' dir='ltr'>Diese</span> <span class='ocrx_word' id='word_1_59' title='bbox 713 1214 875 1279; x_wconf 87' lang='lat' dir='ltr'>Satzform</span> <span class='ocrx_word' id='word_1_60' title='bbox 907 1214 951 1278; x_wconf 85' lang='lat' dir='ltr'>iet</span> <span class='ocrx_word' id='word_1_61' title='bbox 981 1213 1061 1279; x_wconf 88' lang='lat' dir='ltr'>aber</span> <span class='ocrx_word' id='word_1_62' title='bbox 1089 1212 1164 1278; x_wconf 86' lang='lat' dir='ltr'>sehr</span> <span class='ocrx_word' id='word_1_63' title='bbox 1191 1211 1295 1277; x_wconf 88' lang='lat' dir='ltr'>selten</span> 
     </span>
     <span class='ocr_line' id='line_1_10' title="bbox 151 1312 1295 1401; baseline -0.003 -20"><span class='ocrx_word' id='word_1_64' title='bbox 151 1315 218 1381; x_wconf 91' lang='lat' dir='ltr'>und</span> <span class='ocrx_word' id='word_1_65' title='bbox 242 1316 324 1382; x_wconf 84' lang='lat' dir='ltr'>wird</span> <span class='ocrx_word' id='word_1_66' title='bbox 340 1338 401 1380; x_wconf 94' lang='lat' dir='ltr'>nur</span> <span class='ocrx_word' id='word_1_67' title='bbox 416 1337 479 1382; x_wconf 86' lang='lat' dir='ltr'>von</span> <span class='ocrx_word' id='word_1_68' title='bbox 495 1316 645 1400; x_wconf 87' lang='lat' dir='ltr'>wenigen</span> <span class='ocrx_word' id='word_1_69' title='bbox 661 1317 808 1381; x_wconf 82' lang='lat' dir='ltr'>Antoren</span> <span class='ocrx_word' id='word_1_70' title='bbox 822 1315 1029 1401; x_wconf 85' lang='lat' dir='ltr'>angewandt.</span> <span class='ocrx_word' id='word_1_71' title='bbox 1066 1312 1144 1379; x_wconf 85' lang='lat' dir='ltr'>Cic.</span> <span class='ocrx_word' id='word_1_72' title='bbox 1161 1314 1256 1378; x_wconf 88' lang='lat' dir='ltr'>Verr.</span> <span class='ocrx_word' id='word_1_73' title='bbox 1274 1315 1295 1379; x_wconf 86' lang='lat'><strong>3</strong></span> 
     </span>
     <span class='ocr_line' id='line_1_11' title="bbox 151 1415 1294 1504; baseline -0.002 -21"><span class='ocrx_word' id='word_1_74' title='bbox 151 1422 180 1500; x_wconf 64' lang='grc' dir='ltr'>ἕ.</span> <span class='ocrx_word' id='word_1_75' title='bbox 199 1419 260 1484; x_wconf 86' lang='grc'>185</span> <span class='ocrx_word' id='word_1_76' title='bbox 283 1428 318 1485; x_wconf 92' lang='lat' dir='ltr'>tu</span> <span class='ocrx_word' id='word_1_77' title='bbox 342 1439 420 1483; x_wconf 89' lang='lat' dir='ltr'>vero</span> <span class='ocrx_word' id='word_1_78' title='bbox 444 1415 563 1503; x_wconf 88' lang='lat' dir='ltr'>quihus</span> <span class='ocrx_word' id='word_1_79' title='bbox 587 1417 685 1482; x_wconf 83' lang='lat' dir='ltr'>rebus</span> <span class='ocrx_word' id='word_1_80' title='bbox 707 1418 822 1502; x_wconf 87' lang='lat' dir='ltr'>gestis,</span> <span class='ocrx_word' id='word_1_81' title='bbox 845 1439 908 1504; x_wconf 90' lang='lat' dir='ltr'>quo</span> <span class='ocrx_word' id='word_1_82' title='bbox 931 1417 1024 1481; x_wconf 88' lang='lat' dir='ltr'>hoste</span> <span class='ocrx_word' id='word_1_83' title='bbox 1046 1426 1197 1503; x_wconf 88' lang='lat' dir='ltr'>snperato</span> <span class='ocrx_word' id='word_1_84' title='bbox 1220 1438 1294 1482; x_wconf 90' lang='lat' dir='ltr'>con·</span> 
     </span>
     <span class='ocr_line' id='line_1_12' title="bbox 151 1517 1293 1604; baseline -0.004 -18"><span class='ocrx_word' id='word_1_85' title='bbox 151 1522 271 1586; x_wconf 89' lang='lat' dir='ltr'>tionem</span> <span class='ocrx_word' id='word_1_86' title='bbox 293 1517 436 1586; x_wconf 84' lang='lat' dir='ltr'>donandi</span> <span class='ocrx_word' id='word_1_87' title='bbox 458 1540 559 1584; x_wconf 86' lang='lat' dir='ltr'>causa</span> <span class='ocrx_word' id='word_1_88' title='bbox 579 1517 741 1583; x_wconf 88' lang='lat' dir='ltr'>advocare</span> <span class='ocrx_word' id='word_1_89' title='bbox 762 1541 862 1584; x_wconf 83' lang='lat' dir='ltr'>ausus</span> <span class='ocrx_word' id='word_1_90' title='bbox 887 1518 946 1583; x_wconf 80' lang='lat' dir='ltr'>ee?</span> <span class='ocrx_word' id='word_1_91' title='bbox 984 1518 1072 1583; x_wconf 85' lang='lat' dir='ltr'>fin.3</span> <span class='ocrx_word' id='word_1_92' title='bbox 1087 1521 1117 1599; x_wconf 64' lang='grc' dir='ltr'>ξ.</span> <span class='ocrx_word' id='word_1_93' title='bbox 1130 1519 1171 1583; x_wconf 85' lang='grc'>37</span> <span class='ocrx_word' id='word_1_94' title='bbox 1195 1540 1293 1604; x_wconf 90' lang='lat' dir='ltr'>quam</span> 
     </span>
     <span class='ocr_line' id='line_1_13' title="bbox 152 1621 1295 1708; baseline -0.002 -22"><span class='ocrx_word' id='word_1_95' title='bbox 152 1644 229 1688; x_wconf 89' lang='lat' dir='ltr'>vero</span> <span class='ocrx_word' id='word_1_96' title='bbox 259 1622 436 1688; x_wconf 79' lang='lat' dir='ltr'>utilitatem</span> <span class='ocrx_word' id='word_1_97' title='bbox 464 1630 520 1686; x_wconf 85' lang='lat' dir='ltr'>aut</span> <span class='ocrx_word' id='word_1_98' title='bbox 553 1643 648 1707; x_wconf 92' lang='lat' dir='ltr'>quem</span> <span class='ocrx_word' id='word_1_99' title='bbox 682 1622 824 1686; x_wconf 87' lang='lat' dir='ltr'>fructum</span> <span class='ocrx_word' id='word_1_100' title='bbox 858 1630 1005 1708; x_wconf 84' lang='lat' dir='ltr'>petentes</span> <span class='ocrx_word' id='word_1_101' title='bbox 1033 1622 1117 1685; x_wconf 89' lang='lat' dir='ltr'>scire</span> <span class='ocrx_word' id='word_1_102' title='bbox 1145 1621 1295 1706; x_wconf 90' lang='lat' dir='ltr'>cupimus</span> 
     </span>
     <span class='ocr_line' id='line_1_14' title="bbox 150 1722 1357 1810; baseline 0.002 -22"><span class='ocrx_word' id='word_1_103' title='bbox 150 1723 231 1789; x_wconf 81' lang='lat' dir='ltr'>illa?</span> <span class='ocrx_word' id='word_1_104' title='bbox 275 1725 315 1789; x_wconf 93' lang='lat' dir='ltr'>In</span> <span class='ocrx_word' id='word_1_105' title='bbox 347 1722 523 1789; x_wconf 87' lang='lat' dir='ltr'>indirecter</span> <span class='ocrx_word' id='word_1_106' title='bbox 551 1724 676 1807; x_wconf 83' lang='lat' dir='ltr'>Frage:</span> <span class='ocrx_word' id='word_1_107' title='bbox 713 1724 754 1788; x_wconf 93' lang='lat' dir='ltr'>de</span> <span class='ocrx_word' id='word_1_108' title='bbox 783 1743 850 1787; x_wconf 92' lang='lat' dir='ltr'>sen.</span> <span class='ocrx_word' id='word_1_109' title='bbox 880 1728 911 1805; x_wconf 59' lang='grc' dir='ltr'>ᾗ.</span> <span class='ocrx_word' id='word_1_110' title='bbox 936 1722 977 1788; x_wconf 85' lang='grc'>72</span> <span class='ocrx_word' id='word_1_111' title='bbox 1010 1722 1197 1810; x_wconf 83' lang='lat' dir='ltr'>quaerenti,</span> <span class='ocrx_word' id='word_1_112' title='bbox 1231 1744 1296 1810; x_wconf 86' lang='lat' dir='ltr'>qua</span> <span class='ocrx_word' id='word_1_113' title='bbox 1345 1774 1357 1791; x_wconf 92' lang='lat'><strong>.</strong></span> 
     </span>
     <span class='ocr_line' id='line_1_15' title="bbox 151 1824 1294 1907; baseline -0.005 -14"><span class='ocrx_word' id='word_1_114' title='bbox 151 1828 282 1893; x_wconf 86' lang='lat' dir='ltr'>tandem</span> <span class='ocrx_word' id='word_1_115' title='bbox 311 1848 346 1891; x_wconf 91' lang='lat' dir='ltr'>re</span> <span class='ocrx_word' id='word_1_116' title='bbox 373 1828 477 1890; x_wconf 82' lang='lat' dir='ltr'>fretas</span> <span class='ocrx_word' id='word_1_117' title='bbox 500 1825 565 1888; x_wconf 90' lang='lat' dir='ltr'>sibi</span> <span class='ocrx_word' id='word_1_118' title='bbox 593 1834 658 1890; x_wconf 88' lang='lat' dir='ltr'>tam</span> <span class='ocrx_word' id='word_1_119' title='bbox 681 1824 850 1889; x_wconf 77' lang='lat' dir='ltr'>audaciter</span> <span class='ocrx_word' id='word_1_120' title='bbox 878 1824 1061 1892; x_wconf 87' lang='lat' dir='ltr'>obsisteret.</span> <span class='ocrx_word' id='word_1_121' title='bbox 1083 1864 1122 1875; x_wconf 89' lang='lat'>-</span> <span class='ocrx_word' id='word_1_122' title='bbox 1154 1826 1239 1890; x_wconf 86' lang='lat' dir='ltr'><strong>Liv.</strong></span> <span class='ocrx_word' id='word_1_123' title='bbox 1265 1827 1294 1907; x_wconf 87' lang='lat'>1,</span> 
     </span>
     <span class='ocr_line' id='line_1_16' title="bbox 154 1925 1295 2016; baseline -0.004 -22"><span class='ocrx_word' id='word_1_124' title='bbox 154 1932 187 2008; x_wconf 85' lang='lat'>1,</span> <span class='ocrx_word' id='word_1_125' title='bbox 215 1931 233 1994; x_wconf 85' lang='grc'><strong>7</strong></span> <span class='ocrx_word' id='word_1_126' title='bbox 268 1929 391 2016; x_wconf 89' lang='lat' dir='ltr'>quidve</span> <span class='ocrx_word' id='word_1_127' title='bbox 422 1936 614 2014; x_wconf 88' lang='lat' dir='ltr'>quaerentes</span> <span class='ocrx_word' id='word_1_128' title='bbox 649 1925 683 1989; x_wconf 92' lang='lat' dir='ltr'>in</span> <span class='ocrx_word' id='word_1_129' title='bbox 717 1948 833 2012; x_wconf 85' lang='lat' dir='ltr'>agrum</span> <span class='ocrx_word' id='word_1_130' title='bbox 867 1926 1105 1992; x_wconf 87' lang='lat' dir='ltr'>Laurentinum</span> <span class='ocrx_word' id='word_1_131' title='bbox 1138 1927 1295 1992; x_wconf 84' lang='lat' dir='ltr'>exissent.</span> 
     </span>
     <span class='ocr_line' id='line_1_17' title="bbox 151 2027 1295 2116; baseline -0.003 -22"><span class='ocrx_word' id='word_1_132' title='bbox 151 2033 181 2111; x_wconf 86' lang='grc'>0,</span> <span class='ocrx_word' id='word_1_133' title='bbox 204 2031 258 2113; x_wconf 87' lang='grc'>23,</span> <span class='ocrx_word' id='word_1_134' title='bbox 280 2032 301 2096; x_wconf 87' lang='grc'>5</span> <span class='ocrx_word' id='word_1_135' title='bbox 324 2050 398 2095; x_wconf 90' lang='lat' dir='ltr'>eum</span> <span class='ocrx_word' id='word_1_136' title='bbox 421 2027 561 2093; x_wconf 89' lang='lat' dir='ltr'>residem</span> <span class='ocrx_word' id='word_1_137' title='bbox 578 2037 761 2116; x_wconf 90' lang='lat' dir='ltr'>-tempus</span> <span class='ocrx_word' id='word_1_138' title='bbox 783 2037 898 2111; x_wconf 90' lang='lat' dir='ltr'>terere,</span> <span class='ocrx_word' id='word_1_139' title='bbox 921 2028 1000 2116; x_wconf 91' lang='lat' dir='ltr'>quid</span> <span class='ocrx_word' id='word_1_140' title='bbox 1022 2067 1064 2079; x_wconf 90' lang='lat'>-</span> <span class='ocrx_word' id='word_1_141' title='bbox 1085 2027 1295 2115; x_wconf 79' lang='lat' dir='ltr'>sperantem?</span> 
     </span>
     <span class='ocr_line' id='line_1_18' title="bbox 152 2128 1294 2218; baseline 0 -23"><span class='ocrx_word' id='word_1_142' title='bbox 152 2130 243 2218; x_wconf 83' lang='lat' dir='ltr'>(Vgl.</span> <span class='ocrx_word' id='word_1_143' title='bbox 264 2132 301 2211; x_wconf 89' lang='lat'>4,</span> <span class='ocrx_word' id='word_1_144' title='bbox 323 2132 380 2211; x_wconf 89' lang='lat'>49,</span> <span class='ocrx_word' id='word_1_145' title='bbox 406 2131 445 2195; x_wconf 84' lang='lat'>15</span> <span class='ocrx_word' id='word_1_146' title='bbox 470 2128 549 2216; x_wconf 90' lang='lat' dir='ltr'>quid</span> <span class='ocrx_word' id='word_1_147' title='bbox 570 2139 607 2194; x_wconf 91' lang='lat' dir='ltr'>ut</span> <span class='ocrx_word' id='word_1_148' title='bbox 629 2152 649 2194; x_wconf 88' lang='lat' dir='ltr'>a</span> <span class='ocrx_word' id='word_1_149' title='bbox 671 2130 764 2195; x_wconf 82' lang='lat' dir='ltr'>vobis</span> <span class='ocrx_word' id='word_1_150' title='bbox 788 2138 920 2217; x_wconf 86' lang='lat' dir='ltr'>sperent</span> <span class='ocrx_word' id='word_1_151' title='bbox 929 2129 960 2215; x_wconf 76' lang='grc'>2)</span> <span class='ocrx_word' id='word_1_152' title='bbox 1006 2131 1063 2210; x_wconf 89' lang='grc'>21,</span> <span class='ocrx_word' id='word_1_153' title='bbox 1086 2130 1142 2208; x_wconf 98' lang='grc'>30,</span> <span class='ocrx_word' id='word_1_154' title='bbox 1167 2130 1187 2194; x_wconf 88' lang='lat'><strong>6</strong></span> <span class='ocrx_word' id='word_1_155' title='bbox 1216 2130 1294 2217; x_wconf 92' lang='lat' dir='ltr'>quid</span> 
     </span>
     <span class='ocr_line' id='line_1_19' title="bbox 152 2230 1292 2319; baseline -0.003 -21"><span class='ocrx_word' id='word_1_156' title='bbox 152 2233 253 2319; x_wconf 86' lang='lat' dir='ltr'>Alpes</span> <span class='ocrx_word' id='word_1_157' title='bbox 277 2233 367 2298; x_wconf 88' lang='lat' dir='ltr'>aliud</span> <span class='ocrx_word' id='word_1_158' title='bbox 390 2253 461 2296; x_wconf 88' lang='lat' dir='ltr'>esse</span> <span class='ocrx_word' id='word_1_159' title='bbox 484 2231 653 2297; x_wconf 85' lang='lat' dir='ltr'>credentes</span> <span class='ocrx_word' id='word_1_160' title='bbox 680 2253 777 2319; x_wconf 90' lang='lat' dir='ltr'>quam</span> <span class='ocrx_word' id='word_1_161' title='bbox 805 2233 963 2297; x_wconf 89' lang='lat' dir='ltr'>montium</span> <span class='ocrx_word' id='word_1_162' title='bbox 985 2230 1208 2297; x_wconf 78' lang='lat' dir='ltr'>altitudines?</span> <span class='ocrx_word' id='word_1_163' title='bbox 1239 2231 1292 2314; x_wconf 98' lang='grc'>24,</span> 
     </span>
     <span class='ocr_line' id='line_1_20' title="bbox 152 2331 1295 2423; baseline -0.002 -24"><span class='ocrx_word' id='word_1_164' title='bbox 152 2334 202 2419; x_wconf 90' lang='grc'>26,</span> <span class='ocrx_word' id='word_1_165' title='bbox 227 2336 246 2399; x_wconf 81' lang='grc'><strong>7</strong></span> <span class='ocrx_word' id='word_1_166' title='bbox 270 2335 349 2423; x_wconf 93' lang='lat' dir='ltr'>quid</span> <span class='ocrx_word' id='word_1_167' title='bbox 373 2334 540 2400; x_wconf 85' lang='lat' dir='ltr'>obstantes</span> <span class='ocrx_word' id='word_1_168' title='bbox 564 2331 709 2399; x_wconf 87' lang='lat' dir='ltr'>libertati</span> <span class='ocrx_word' id='word_1_169' title='bbox 731 2344 789 2398; x_wconf 88' lang='lat' dir='ltr'>aut</span> <span class='ocrx_word' id='word_1_170' title='bbox 810 2332 968 2418; x_wconf 79' lang='lat' dir='ltr'>legibue?</span> <span class='ocrx_word' id='word_1_171' title='bbox 1007 2331 1091 2397; x_wconf 88' lang='lat' dir='ltr'>Val.</span> <span class='ocrx_word' id='word_1_172' title='bbox 1108 2331 1212 2397; x_wconf 88' lang='lat' dir='ltr'>Max.</span> <span class='ocrx_word' id='word_1_173' title='bbox 1228 2332 1295 2411; x_wconf 90' lang='grc'>9,6</span> 
     </span>
     <span class='ocr_line' id='line_1_21' title="bbox 153 2420 1295 2522; baseline -0.004 -21"><span class='ocrx_word' id='word_1_174' title='bbox 153 2438 253 2502; x_wconf 69' lang='lat' dir='ltr'>exul</span> <span class='ocrx_word' id='word_1_175' title='bbox 278 2435 562 2522; x_wconf 89' lang='lat' dir='ltr'>Xanthippum-</span> <span class='ocrx_word' id='word_1_176' title='bbox 577 2436 611 2499; x_wconf 92' lang='lat' dir='ltr'>in</span> <span class='ocrx_word' id='word_1_177' title='bbox 632 2435 697 2501; x_wconf 92' lang='lat' dir='ltr'>alto</span> <span class='ocrx_word' id='word_1_178' title='bbox 720 2420 912 2514; x_wconf 83' lang='lat' dir='ltr'>merserunt,</span> <span class='ocrx_word' id='word_1_179' title='bbox 936 2434 1016 2522; x_wconf 92' lang='lat' dir='ltr'>quid</span> <span class='ocrx_word' id='word_1_180' title='bbox 1038 2443 1129 2500; x_wconf 86' lang='lat' dir='ltr'>tanto</span> <span class='ocrx_word' id='word_1_181' title='bbox 1152 2433 1295 2498; x_wconf 85' lang='lat' dir='ltr'>facinore</span> 
     </span>
     <span class='ocr_line' id='line_1_22' title="bbox 156 2539 326 2624; baseline 0.006 -21"><span class='ocrx_word' id='word_1_182' title='bbox 156 2539 326 2624; x_wconf 84' lang='lat' dir='ltr'>petentes?</span> 
     </span>
    </p>

    <p class='ocr_par' dir='ltr' id='par_1_5' title="bbox 153 2637 1298 2928">
     <span class='ocr_line' id='line_1_23' title="bbox 239 2637 1297 2726; baseline -0.003 -21"><span class='ocrx_word' id='word_1_183' title='bbox 239 2645 268 2722; x_wconf 64' lang='grc' dir='ltr'>ξ.</span> <span class='ocrx_word' id='word_1_184' title='bbox 296 2640 370 2706; x_wconf 84' lang='grc'>591.</span> <span class='ocrx_word' id='word_1_185' title='bbox 421 2639 600 2726; x_wconf 89' lang='lat' dir='ltr'>Partieipia</span> <span class='ocrx_word' id='word_1_186' title='bbox 635 2637 769 2704; x_wconf 73' lang='lat' dir='ltr'>khunen</span> <span class='ocrx_word' id='word_1_187' title='bbox 805 2640 865 2704; x_wconf 93' lang='lat' dir='ltr'>mit</span> <span class='ocrx_word' id='word_1_188' title='bbox 894 2641 1005 2704; x_wconf 89' lang='lat' dir='ltr'>&#39;einem</span> <span class='ocrx_word' id='word_1_189' title='bbox 1044 2637 1297 2724; x_wconf 89' lang='lat' dir='ltr'>temporalen</span> 
     </span>
     <span class='ocr_line' id='line_1_24' title="bbox 153 2739 1296 2819; baseline 0 -15"><span class='ocrx_word' id='word_1_190' title='bbox 153 2741 317 2807; x_wconf 85' lang='lat' dir='ltr'>Adverb</span> <span class='ocrx_word' id='word_1_191' title='bbox 337 2741 529 2807; x_wconf 89' lang='lat' dir='ltr'>verbunden</span> <span class='ocrx_word' id='word_1_192' title='bbox 544 2739 684 2819; x_wconf 83' lang='lat' dir='ltr'>werden,</span> <span class='ocrx_word' id='word_1_193' title='bbox 709 2740 812 2807; x_wconf 91' lang='lat' dir='ltr'>damit</span> <span class='ocrx_word' id='word_1_194' title='bbox 835 2740 894 2805; x_wconf 89' lang='lat' dir='ltr'>das</span> <span class='ocrx_word' id='word_1_195' title='bbox 910 2739 1183 2806; x_wconf 73' lang='lat' dir='ltr'>Zeitverhhltniss</span> <span class='ocrx_word' id='word_1_196' title='bbox 1206 2739 1296 2805; x_wconf 91' lang='lat' dir='ltr'>dent·</span> 
     </span>
     <span class='ocr_line' id='line_1_25' title="bbox 153 2839 1298 2928; baseline -0.002 -22"><span class='ocrx_word' id='word_1_197' title='bbox 153 2842 217 2909; x_wconf 87' lang='lat' dir='ltr'>lich</span> <span class='ocrx_word' id='word_1_198' title='bbox 252 2843 472 2926; x_wconf 80' lang='lat' dir='ltr'>hervortrete3</span> <span class='ocrx_word' id='word_1_199' title='bbox 505 2843 628 2928; x_wconf 82' lang='lat' dir='ltr'>grieeh.</span> <span class='ocrx_word' id='word_1_200' title='bbox 660 2839 766 2918; x_wconf 80' lang='grc' dir='ltr'><strong><em>εὐθύς</em></strong></span> <span class='ocrx_word' id='word_1_201' title='bbox 791 2843 859 2907; x_wconf 93' lang='lat' dir='ltr'>und</span> <span class='ocrx_word' id='word_1_202' title='bbox 888 2839 963 2926; x_wconf 79' lang='grc' dir='ltr'>ἅμα.</span> <span class='ocrx_word' id='word_1_203' title='bbox 1009 2842 1086 2908; x_wconf 83' lang='lat' dir='ltr'>Oi&#39;c.</span> <span class='ocrx_word' id='word_1_204' title='bbox 1111 2866 1142 2927; x_wconf 92' lang='lat' dir='ltr'>p.</span> <span class='ocrx_word' id='word_1_205' title='bbox 1165 2840 1235 2906; x_wconf 89' lang='lat' dir='ltr'>red.</span> <span class='ocrx_word' id='word_1_206' title='bbox 1263 2842 1298 2905; x_wconf 92' lang='lat' dir='ltr'>in</span> 
     </span>
    </p>
   </div>
   <div class='ocr_carea' id='block_1_4' title="bbox 153 2941 1431 3030">
    <p class='ocr_par' dir='ltr' id='par_1_6' title="bbox 153 2941 1431 3030">
     <span class='ocr_line' id='line_1_26' title="bbox 153 2941 1431 3030; baseline -0.002 -21"><span class='ocrx_word' id='word_1_207' title='bbox 153 2968 219 3011; x_wconf 89' lang='lat' dir='ltr'>sen.</span> <span class='ocrx_word' id='word_1_208' title='bbox 248 2945 286 3027; x_wconf 88' lang='lat'>9,</span> <span class='ocrx_word' id='word_1_209' title='bbox 310 2945 352 3009; x_wconf 92' lang='grc'>22</span> <span class='ocrx_word' id='word_1_210' title='bbox 380 2943 528 3010; x_wconf 77' lang='lat' dir='ltr'>Calidius</span> <span class='ocrx_word' id='word_1_211' title='bbox 563 2946 670 3009; x_wconf 75' lang='lat' dir='ltr'>statim</span> <span class='ocrx_word' id='word_1_212' title='bbox 703 2944 892 3030; x_wconf 79' lang='lat' dir='ltr'>designatus</span> <span class='ocrx_word' id='word_1_213' title='bbox 921 2983 961 2991; x_wconf 92' lang='grc'>-</span> <span class='ocrx_word' id='word_1_214' title='bbox 990 2942 1171 3009; x_wconf 81' lang='lat' dir='ltr'>declaravit</span> <span class='ocrx_word' id='word_1_215' title='bbox 1203 2941 1239 3028; x_wconf 89' lang='lat' dir='ltr'>(i.</span> <span class='ocrx_word' id='word_1_216' title='bbox 1269 2965 1296 3008; x_wconf 90' lang='lat' dir='ltr'>e.</span> <span class='ocrx_word' id='word_1_217' title='bbox 1428 3002 1431 3007; x_wconf 92' lang='lat'>.</span> 
     </span>
    </p>
   </div>
   <div class='ocr_carea' id='block_1_5' title="bbox 152 3043 1303 4556">
    <p class='ocr_par' dir='ltr' id='par_1_7' title="bbox 152 3043 1303 4556">
     <span class='ocr_line' id='line_1_27' title="bbox 153 3043 1298 3133; baseline -0.001 -22"><span class='ocrx_word' id='word_1_218' title='bbox 153 3048 263 3112; x_wconf 87' lang='lat' dir='ltr'>statim</span> <span class='ocrx_word' id='word_1_219' title='bbox 286 3058 323 3112; x_wconf 90' lang='lat' dir='ltr'>ut</span> <span class='ocrx_word' id='word_1_220' title='bbox 344 3045 414 3111; x_wconf 91' lang='lat' dir='ltr'>des.</span> <span class='ocrx_word' id='word_1_221' title='bbox 437 3051 509 3128; x_wconf 85' lang='lat' dir='ltr'>est).</span> <span class='ocrx_word' id='word_1_222' title='bbox 553 3046 645 3110; x_wconf 89' lang='lat' dir='ltr'>Aber</span> <span class='ocrx_word' id='word_1_223' title='bbox 666 3069 740 3110; x_wconf 90' lang='lat' dir='ltr'>zum</span> <span class='ocrx_word' id='word_1_224' title='bbox 763 3045 968 3133; x_wconf 87' lang='lat' dir='ltr'>Hauptsatze</span> <span class='ocrx_word' id='word_1_225' title='bbox 991 3047 1107 3132; x_wconf 75' lang='lat' dir='ltr'>gehhrt</span> <span class='ocrx_word' id='word_1_226' title='bbox 1129 3043 1215 3110; x_wconf 86' lang='lat' dir='ltr'>wohl</span> <span class='ocrx_word' id='word_1_227' title='bbox 1237 3043 1298 3110; x_wconf 86' lang='lat' dir='ltr'>das</span> 
     </span>
     <span class='ocr_line' id='line_1_28' title="bbox 154 3146 1298 3233; baseline -0.002 -20"><span class='ocrx_word' id='word_1_228' title='bbox 154 3148 290 3214; x_wconf 83' lang='lat' dir='ltr'>Adverb</span> <span class='ocrx_word' id='word_1_229' title='bbox 318 3150 351 3213; x_wconf 92' lang='lat' dir='ltr'>in</span> <span class='ocrx_word' id='word_1_230' title='bbox 381 3157 463 3213; x_wconf 91' lang='lat' dir='ltr'>orat.</span> <span class='ocrx_word' id='word_1_231' title='bbox 496 3147 549 3226; x_wconf 94' lang='grc'>10,</span> <span class='ocrx_word' id='word_1_232' title='bbox 572 3149 614 3213; x_wconf 85' lang='grc'>35</span> <span class='ocrx_word' id='word_1_233' title='bbox 643 3147 704 3213; x_wconf 90' lang='lat' dir='ltr'>hoc</span> <span class='ocrx_word' id='word_1_234' title='bbox 732 3170 803 3212; x_wconf 85' lang='lat' dir='ltr'>snm</span> <span class='ocrx_word' id='word_1_235' title='bbox 830 3170 1005 3233; x_wconf 84' lang='lat' dir='ltr'>aggressus</span> <span class='ocrx_word' id='word_1_236' title='bbox 1033 3148 1144 3214; x_wconf 90' lang='lat' dir='ltr'>statim</span> <span class='ocrx_word' id='word_1_237' title='bbox 1173 3146 1298 3212; x_wconf 83' lang='lat' dir='ltr'>Catone</span> 
     </span>
     <span class='ocr_line' id='line_1_29' title="bbox 154 3247 1297 3334; baseline -0.002 -19"><span class='ocrx_word' id='word_1_238' title='bbox 154 3248 313 3317; x_wconf 77' lang='lat' dir='ltr'>absoluto,</span> <span class='ocrx_word' id='word_1_239' title='bbox 328 3288 371 3299; x_wconf 92' lang='lat'>-</span> <span class='ocrx_word' id='word_1_240' title='bbox 392 3249 551 3334; x_wconf 75' lang='lat' dir='ltr'>Hitufiger</span> <span class='ocrx_word' id='word_1_241' title='bbox 573 3249 657 3313; x_wconf 89' lang='lat' dir='ltr'>wird</span> <span class='ocrx_word' id='word_1_242' title='bbox 679 3247 750 3313; x_wconf 90' lang='lat' dir='ltr'>dies</span> <span class='ocrx_word' id='word_1_243' title='bbox 774 3250 827 3314; x_wconf 90' lang='lat' dir='ltr'>bei</span> <span class='ocrx_word' id='word_1_244' title='bbox 844 3250 1007 3315; x_wconf 89' lang='lat' dir='ltr'>Livius:</span> <span class='ocrx_word' id='word_1_245' title='bbox 1033 3252 1060 3333; x_wconf 88' lang='lat'>1,</span> <span class='ocrx_word' id='word_1_246' title='bbox 1073 3249 1163 3332; x_wconf 89' lang='grc'>26,3</span> <span class='ocrx_word' id='word_1_247' title='bbox 1186 3250 1297 3314; x_wconf 87' lang='lat' dir='ltr'>stricto</span> 
     </span>
     <span class='ocr_line' id='line_1_30' title="bbox 156 3350 1299 3439; baseline -0.003 -22"><span class='ocrx_word' id='word_1_248' title='bbox 156 3352 265 3439; x_wconf 87' lang='lat' dir='ltr'>itaque</span> <span class='ocrx_word' id='word_1_249' title='bbox 287 3352 399 3437; x_wconf 89' lang='lat' dir='ltr'>gladio</span> <span class='ocrx_word' id='word_1_250' title='bbox 414 3352 511 3417; x_wconf 72' lang='lat' dir='ltr'>aimari</span> <span class='ocrx_word' id='word_1_251' title='bbox 525 3350 636 3415; x_wconf 90' lang='lat' dir='ltr'>verbis</span> <span class='ocrx_word' id='word_1_252' title='bbox 651 3353 823 3439; x_wconf 87' lang='lat' dir='ltr'>increpans</span> <span class='ocrx_word' id='word_1_253' title='bbox 839 3350 1004 3437; x_wconf 87' lang='lat' dir='ltr'>transfigit</span> <span class='ocrx_word' id='word_1_254' title='bbox 1021 3351 1172 3439; x_wconf 89' lang='lat' dir='ltr'>puellam.</span> <span class='ocrx_word' id='word_1_255' title='bbox 1204 3351 1299 3417; x_wconf 84' lang='lat' dir='ltr'>Ehen</span> 
     </span>
     <span class='ocr_line' id='line_1_31' title="bbox 156 3451 1300 3539; baseline -0.002 -21"><span class='ocrx_word' id='word_1_256' title='bbox 156 3475 189 3518; x_wconf 86' lang='lat' dir='ltr'>eo</span> <span class='ocrx_word' id='word_1_257' title='bbox 212 3453 266 3535; x_wconf 88' lang='grc'>22,</span> <span class='ocrx_word' id='word_1_258' title='bbox 282 3454 313 3536; x_wconf 91' lang='grc'>3,</span> <span class='ocrx_word' id='word_1_259' title='bbox 333 3456 364 3517; x_wconf 94' lang='grc'>11</span> <span class='ocrx_word' id='word_1_260' title='bbox 391 3453 473 3518; x_wconf 89' lang='lat' dir='ltr'>haec</span> <span class='ocrx_word' id='word_1_261' title='bbox 495 3454 591 3520; x_wconf 89' lang='lat' dir='ltr'>simul</span> <span class='ocrx_word' id='word_1_262' title='bbox 613 3454 785 3539; x_wconf 89' lang='lat' dir='ltr'>increpans</span> <span class='ocrx_word' id='word_1_263' title='bbox 809 3474 883 3517; x_wconf 90' lang='lat' dir='ltr'>cnm</span> <span class='ocrx_word' id='word_1_264' title='bbox 906 3489 946 3500; x_wconf 92' lang='lat'>-</span> <span class='ocrx_word' id='word_1_265' title='bbox 969 3454 1105 3518; x_wconf 89' lang='lat' dir='ltr'>iuberet.</span> <span class='ocrx_word' id='word_1_266' title='bbox 1141 3453 1194 3536; x_wconf 87' lang='grc'>24,</span> <span class='ocrx_word' id='word_1_267' title='bbox 1210 3451 1300 3532; x_wconf 85' lang='grc'>27,4</span> 
     </span>
     <span class='ocr_line' id='line_1_32' title="bbox 158 3552 1299 3642; baseline -0.001 -24"><span class='ocrx_word' id='word_1_268' title='bbox 158 3577 217 3620; x_wconf 91' lang='lat' dir='ltr'>nec</span> <span class='ocrx_word' id='word_1_269' title='bbox 247 3554 294 3618; x_wconf 91' lang='lat' dir='ltr'>illi</span> <span class='ocrx_word' id='word_1_270' title='bbox 322 3556 427 3642; x_wconf 89' lang='lat' dir='ltr'>primo</span> <span class='ocrx_word' id='word_1_271' title='bbox 449 3557 557 3620; x_wconf 81' lang='lat' dir='ltr'>statim</span> <span class='ocrx_word' id='word_1_272' title='bbox 584 3554 685 3619; x_wconf 89' lang='lat' dir='ltr'>creati</span> <span class='ocrx_word' id='word_1_273' title='bbox 707 3553 829 3618; x_wconf 88' lang='lat' dir='ltr'>nudare</span> <span class='ocrx_word' id='word_1_274' title='bbox 857 3553 936 3641; x_wconf 90' lang='lat' dir='ltr'>quid</span> <span class='ocrx_word' id='word_1_275' title='bbox 962 3552 1095 3621; x_wconf 90' lang='lat' dir='ltr'>vellent.</span> <span class='ocrx_word' id='word_1_276' title='bbox 1139 3553 1196 3633; x_wconf 88' lang='grc'>28,</span> <span class='ocrx_word' id='word_1_277' title='bbox 1220 3553 1299 3634; x_wconf 79' lang='grc'>’1,0</span> 
     </span>
     <span class='ocr_line' id='line_1_33' title="bbox 157 3652 1299 3743; baseline -0.004 -22"><span class='ocrx_word' id='word_1_278' title='bbox 157 3654 244 3743; x_wconf 90' lang='lat' dir='ltr'>quod</span> <span class='ocrx_word' id='word_1_279' title='bbox 259 3656 332 3722; x_wconf 83' lang='lat' dir='ltr'>viso</span> <span class='ocrx_word' id='word_1_280' title='bbox 347 3657 459 3722; x_wconf 90' lang='lat' dir='ltr'>statim</span> <span class='ocrx_word' id='word_1_281' title='bbox 483 3657 575 3721; x_wconf 88' lang='lat' dir='ltr'>hoste</span> <span class='ocrx_word' id='word_1_282' title='bbox 597 3657 631 3719; x_wconf 95' lang='lat' dir='ltr'>in</span> <span class='ocrx_word' id='word_1_283' title='bbox 647 3652 845 3721; x_wconf 89' lang='lat' dir='ltr'>deditionem</span> <span class='ocrx_word' id='word_1_284' title='bbox 861 3658 1106 3721; x_wconf 84' lang='lat' dir='ltr'>concessissent.</span> <span class='ocrx_word' id='word_1_285' title='bbox 1142 3657 1174 3736; x_wconf 76' lang='lat'>7,</span> <span class='ocrx_word' id='word_1_286' title='bbox 1189 3655 1240 3734; x_wconf 85' lang='lat'>39,</span> <span class='ocrx_word' id='word_1_287' title='bbox 1261 3655 1299 3718; x_wconf 87' lang='grc'>14</span> 
     </span>
     <span class='ocr_line' id='line_1_34' title="bbox 155 3756 1297 3845; baseline -0.004 -21"><span class='ocrx_word' id='word_1_288' title='bbox 155 3760 333 3845; x_wconf 90' lang='lat' dir='ltr'>imperator</span> <span class='ocrx_word' id='word_1_289' title='bbox 354 3759 502 3840; x_wconf 69' lang='lat' dir='ltr'>externplo</span> <span class='ocrx_word' id='word_1_290' title='bbox 525 3757 703 3824; x_wconf 88' lang='lat' dir='ltr'>adveniens</span> <span class='ocrx_word' id='word_1_291' title='bbox 725 3756 920 3845; x_wconf 87' lang='lat' dir='ltr'>appellatus.</span> <span class='ocrx_word' id='word_1_292' title='bbox 960 3759 1007 3836; x_wconf 90' lang='grc'>10,</span> <span class='ocrx_word' id='word_1_293' title='bbox 1024 3758 1111 3835; x_wconf 86' lang='grc'>26,5</span> <span class='ocrx_word' id='word_1_294' title='bbox 1134 3765 1201 3821; x_wconf 82' lang='lat' dir='ltr'>ext.</span> <span class='ocrx_word' id='word_1_295' title='bbox 1223 3778 1297 3821; x_wconf 90' lang='lat' dir='ltr'>con·</span> 
     </span>
     <span class='ocr_line' id='line_1_35' title="bbox 155 3857 1298 3947; baseline -0.003 -22"><span class='ocrx_word' id='word_1_296' title='bbox 155 3861 265 3926; x_wconf 88' lang='lat' dir='ltr'>sulatu</span> <span class='ocrx_word' id='word_1_297' title='bbox 287 3859 565 3947; x_wconf 81' lang='lat' dir='ltr'>initoprofectos.</span> <span class='ocrx_word' id='word_1_298' title='bbox 602 3859 658 3938; x_wconf 90' lang='grc'>23,</span> <span class='ocrx_word' id='word_1_299' title='bbox 681 3860 738 3943; x_wconf 92' lang='grc'>42,</span> <span class='ocrx_word' id='word_1_300' title='bbox 764 3863 791 3924; x_wconf 93' lang='grc'>1.</span> <span class='ocrx_word' id='word_1_301' title='bbox 821 3899 860 3908; x_wconf 97' lang='grc'>-</span> <span class='ocrx_word' id='word_1_302' title='bbox 891 3861 933 3925; x_wconf 85' lang='lat' dir='ltr'>So</span> <span class='ocrx_word' id='word_1_303' title='bbox 956 3861 1038 3925; x_wconf 89' lang='lat' dir='ltr'>auch</span> <span class='ocrx_word' id='word_1_304' title='bbox 1062 3867 1223 3924; x_wconf 85' lang='lat' dir='ltr'>zeretreut</span> <span class='ocrx_word' id='word_1_305' title='bbox 1244 3857 1298 3921; x_wconf 91' lang='lat' dir='ltr'>hei</span> 
     </span>
     <span class='ocr_line' id='line_1_36' title="bbox 156 3960 1298 4049; baseline -0.004 -22"><span class='ocrx_word' id='word_1_306' title='bbox 156 3964 315 4049; x_wconf 73' lang='lat' dir='ltr'>Spttteren</span> <span class='ocrx_word' id='word_1_307' title='bbox 331 3960 400 4025; x_wconf 92' lang='lat' dir='ltr'>und</span> <span class='ocrx_word' id='word_1_308' title='bbox 414 3960 499 4026; x_wconf 93' lang='lat' dir='ltr'>noch</span> <span class='ocrx_word' id='word_1_309' title='bbox 515 3961 676 4047; x_wconf 90' lang='lat' dir='ltr'>Vopisc.</span> <span class='ocrx_word' id='word_1_310' title='bbox 693 3960 767 4025; x_wconf 85' lang='lat' dir='ltr'>Car.</span> <span class='ocrx_word' id='word_1_311' title='bbox 783 3961 803 4025; x_wconf 87' lang='lat'><strong>9</strong></span> <span class='ocrx_word' id='word_1_312' title='bbox 826 3962 935 4026; x_wconf 86' lang='lat' dir='ltr'>statim</span> <span class='ocrx_word' id='word_1_313' title='bbox 954 3961 1094 4046; x_wconf 83' lang='lat' dir='ltr'>adeptus</span> <span class='ocrx_word' id='word_1_314' title='bbox 1117 3961 1298 4043; x_wconf 90' lang='lat' dir='ltr'>imperium.</span> 
     </span>
     <span class='ocr_line' id='line_1_37' title="bbox 240 4061 1299 4150; baseline -0.002 -23"><span class='ocrx_word' id='word_1_315' title='bbox 240 4066 271 4145; x_wconf 63' lang='lat' dir='ltr'>g.</span> <span class='ocrx_word' id='word_1_316' title='bbox 294 4062 366 4128; x_wconf 83' lang='lat'>592.</span> <span class='ocrx_word' id='word_1_317' title='bbox 405 4063 583 4149; x_wconf 83' lang='lat' dir='ltr'>Partieipia</span> <span class='ocrx_word' id='word_1_318' title='bbox 611 4063 670 4126; x_wconf 90' lang='lat' dir='ltr'>mit</span> <span class='ocrx_word' id='word_1_319' title='bbox 693 4061 1015 4150; x_wconf 82' lang='lat' dir='ltr'>Oonjunctionen</span> <span class='ocrx_word' id='word_1_320' title='bbox 1043 4085 1108 4126; x_wconf 91' lang='lat' dir='ltr'>von</span> <span class='ocrx_word' id='word_1_321' title='bbox 1135 4062 1299 4141; x_wconf 87' lang='lat' dir='ltr'>relativer‚</span> 
     </span>
     <span class='ocr_line' id='line_1_38' title="bbox 154 4162 1299 4249; baseline -0.004 -19"><span class='ocrx_word' id='word_1_322' title='bbox 154 4164 355 4230; x_wconf 86' lang='lat' dir='ltr'>namentlich</span> <span class='ocrx_word' id='word_1_323' title='bbox 378 4162 542 4248; x_wconf 81' lang='lat' dir='ltr'>modaler‚</span> <span class='ocrx_word' id='word_1_324' title='bbox 571 4163 673 4229; x_wconf 89' lang='lat' dir='ltr'>selten</span> <span class='ocrx_word' id='word_1_325' title='bbox 702 4166 840 4229; x_wconf 90' lang='lat' dir='ltr'>anderer</span> <span class='ocrx_word' id='word_1_326' title='bbox 862 4165 1057 4249; x_wconf 89' lang='lat' dir='ltr'>Bedeutung</span> <span class='ocrx_word' id='word_1_327' title='bbox 1084 4163 1238 4229; x_wconf 85' lang='lat' dir='ltr'>kommen</span> <span class='ocrx_word' id='word_1_328' title='bbox 1265 4162 1299 4226; x_wconf 90' lang='lat' dir='ltr'>in</span> 
     </span>
     <span class='ocr_line' id='line_1_39' title="bbox 152 4264 1299 4351; baseline -0.004 -19"><span class='ocrx_word' id='word_1_329' title='bbox 152 4267 214 4332; x_wconf 90' lang='lat' dir='ltr'>der</span> <span class='ocrx_word' id='word_1_330' title='bbox 241 4266 448 4332; x_wconf 82' lang='lat' dir='ltr'>klaesischen</span> <span class='ocrx_word' id='word_1_331' title='bbox 471 4266 546 4330; x_wconf 89' lang='lat' dir='ltr'>Zeit</span> <span class='ocrx_word' id='word_1_332' title='bbox 574 4266 657 4331; x_wconf 93' lang='lat' dir='ltr'>noch</span> <span class='ocrx_word' id='word_1_333' title='bbox 680 4268 787 4351; x_wconf 87' lang='lat' dir='ltr'>wenig</span> <span class='ocrx_word' id='word_1_334' title='bbox 816 4290 891 4349; x_wconf 88' lang='lat' dir='ltr'>vor,</span> <span class='ocrx_word' id='word_1_335' title='bbox 921 4266 985 4330; x_wconf 89' lang='lat' dir='ltr'>seit</span> <span class='ocrx_word' id='word_1_336' title='bbox 1007 4265 1122 4330; x_wconf 85' lang='lat' dir='ltr'>Livius</span> <span class='ocrx_word' id='word_1_337' title='bbox 1151 4264 1225 4328; x_wconf 85' lang='lat' dir='ltr'>sind</span> <span class='ocrx_word' id='word_1_338' title='bbox 1252 4264 1299 4328; x_wconf 89' lang='lat' dir='ltr'>sie</span> 
     </span>
     <span class='ocr_line' id='line_1_40' title="bbox 152 4365 1225 4453; baseline -0.004 -19"><span class='ocrx_word' id='word_1_339' title='bbox 152 4369 285 4453; x_wconf 76' lang='lat' dir='ltr'>haufig‚</span> <span class='ocrx_word' id='word_1_340' title='bbox 308 4366 579 4433; x_wconf 88' lang='lat' dir='ltr'>wahrscheinlich</span> <span class='ocrx_word' id='word_1_341' title='bbox 603 4369 635 4431; x_wconf 90' lang='lat' dir='ltr'>in</span> <span class='ocrx_word' id='word_1_342' title='bbox 660 4365 761 4451; x_wconf 85' lang='lat' dir='ltr'>Folge</span> <span class='ocrx_word' id='word_1_343' title='bbox 783 4365 1008 4452; x_wconf 88' lang='lat' dir='ltr'>griechischen</span> <span class='ocrx_word' id='word_1_344' title='bbox 1031 4366 1225 4431; x_wconf 74' lang='lat' dir='ltr'>Einfluasea</span> 
     </span>
     <span class='ocr_line' id='line_1_41' title="bbox 239 4467 1303 4556; baseline 0 -22"><span class='ocrx_word' id='word_1_345' title='bbox 239 4469 319 4534; x_wconf 88' lang='lat' dir='ltr'>Wie</span> <span class='ocrx_word' id='word_1_346' title='bbox 353 4471 498 4536; x_wconf 83' lang='lat' dir='ltr'>Cicero</span> <span class='ocrx_word' id='word_1_347' title='bbox 532 4493 591 4535; x_wconf 86' lang='lat' dir='ltr'>zur</span> <span class='ocrx_word' id='word_1_348' title='bbox 624 4470 818 4555; x_wconf 84' lang='lat' dir='ltr'>Steigerung</span> <span class='ocrx_word' id='word_1_349' title='bbox 857 4470 913 4540; x_wconf 84' lang='lat' dir='ltr'>der</span> <span class='ocrx_word' id='word_1_350' title='bbox 946 4467 1127 4556; x_wconf 81' lang='lat' dir='ltr'>Adjectiva</span> <span class='ocrx_word' id='word_1_351' title='bbox 1158 4469 1303 4553; x_wconf 57' lang='lat' dir='ltr'>quamue</span> 
     </span>
    </p>
   </div>
   <div class='ocr_carea' id='block_1_6' title="bbox 0 0 1486 4988">
    <p class='ocr_par' dir='ltr' id='par_1_8' title="bbox 0 0 1486 4988">
     <span class='ocr_line' id='line_1_42' title="bbox 0 0 1486 4988; baseline 0 0"><span class='ocrx_word' id='word_1_352' title='bbox 0 0 1486 4988; x_wconf 95' lang='lat' dir='ltr'> </span> 
     </span>
    </p>
   </div>
  </div>
 </body>
</html>
