2948 4988
616 325 924 389 -154‚..

158 479 191 542 in
215 479 328 544 diesen
351 476 466 543 Fauen
493 500 552 558 an,
582 477 658 541 dass
680 499 759 543 nom
779 475 978 540 affirmative
992 474 1189 560 Bedentung
1209 473 1219 538 l

160 603 228 645 was
251 581 342 645 nicht
356 580 477 665 richtig
500 581 554 661 ist,
577 580 651 643 weil
675 576 802 644 eberall
817 578 872 642 die
887 575 1029 643 Absichl
1051 578 1141 640 einer
1163 576 1219 662 Bes

158 683 249 768 dung
270 682 340 747 sich
363 682 527 747 erkennen
550 682 641 746 lassi.

246 784 311 847 Die
332 785 472 848 reichste
495 782 694 868 Fundgrube
723 783 778 846 liir
800 779 1007 867 dergleiclren
1030 779 1153 847 Stellen
1176 781 1220 844 iet

160 908 247 949 awar
270 885 400 968 Cicer03
432 887 541 950 indess
569 883 671 948 findet
699 884 766 949 sich
797 886 869 948 cine
891 883 1067 947 verkilrale
1091 882 1216 947 Verbin

158 987 241 1050 anch
266 986 366 1050 echon
388 988 441 1051 bei
465 987 526 1050 den
550 986 792 1067 Komikern3
815 1008 852 1050 so
876 984 928 1048 bei
945 984 1081 1048 Planius
1104 984 1148 1047 im
1172 984 1219 1048 Ar

50 1129 52 1133 -
159 1088 217 1152 des
247 1088 472 1152 'l'rinummusz
506 1088 645 1152 amicum
682 1087 843 1170 castigare
874 1124 905 1133 —
943 1087 1135 1150 immoenest
1168 1084 1219 1149 fac

159 1211 273 1254 rerum
297 1190 330 1252 in
347 1200 452 1254 aetate
475 1189 555 1252 utile
577 1200 609 1254 et
624 1187 846 1271 conducibile3
870 1210 944 1251 nam
968 1209 1030 1271 cgo
1052 1186 1219 1251 amicnml

160 1313 266 1354 mcum
297 1292 539 1376 concastigabo.
568 1291 638 1354 Der
666 1289 939 1373 Gedankengang
967 1289 1028 1353 ist:
1060 1287 1218 1371 „Frennd

159 1391 270 1457 tadeln
305 1395 347 1456 isl
373 1393 425 1455 cin
459 1391 691 1456 undanlrbares
715 1390 886 1474 Gcschffl,
909 1395 988 1455 abor
1015 1392 1059 1454 im
1081 1389 1196 1453 Leben

158 1494 321 1575 niitzlich3
355 1495 426 1558 dies
458 1495 503 1558 iet
537 1493 643 1577 wahr,
677 1495 763 1558 denn
791 1493 844 1557 ich
873 1490 981 1556 werde
1007 1490 1127 1556 heule“
1158 1514 1190 1554 n.

160 1595 419 1680 Ungewohnlich
450 1599 493 1660 ist
522 1595 592 1660 dies
621 1595 814 1680 allerdings,
845 1596 930 1658 denn
953 1593 1135 1678 regelrecht
1158 1590 1218 1657 soll

159 1697 306 1761 heissen:
329 1697 401 1779 „ich
419 1698 527 1762 werde
542 1697 597 1761 ihn
613 1696 733 1776 ladeln,
757 1697 842 1760 denn
865 1695 925 1759 das
948 1696 992 1759 iel
1013 1694 1192 1760 niitalich“.

161 1821 195 1861 es
218 1799 300 1863 wird
323 1799 393 1862 hier
415 1802 476 1862 mit
496 1820 572 1864 nom
593 1801 646 1863 cin
670 1797 813 1887 Beispiel
834 1796 1020 1882 angellihrl.

247 1899 307 1963 Bci
346 1899 489 1964 anderen
523 1901 780 1965 Sclrrillstellern
819 1898 927 1964 laesen
965 1898 1035 1962 sich
1074 1897 1219 1963 verschic

161 2001 268 2065 Arlen
291 2002 349 2065 der
370 2001 589 2088 Brachylogie
611 2002 874 2068 unterscheidcn:

257 2104 291 2187 a)
315 2104 398 2167 Eine
421 2103 517 2167 Form
543 2103 601 2168 der
623 2104 883 2183 praeteritio,
907 2103 961 2167 die
984 2101 1153 2166 bedcnlet:
1178 2125 1219 2186 „g

161 2205 285 2280 daron,
315 2204 400 2268 donn
424 2205 608 2289 Folgendes
635 2209 679 2270 ist
702 2209 739 2293 ja
773 2204 933 2287 bekannt,
969 2203 1219 2269 sahso-ersten<

161 2306 317 2371 brauchle
330 2305 398 2371 also
418 2306 593 2392 cigentlich
616 2307 705 2372 nicht
721 2307 870 2371 erwalmt
892 2329 934 2370 zu
957 2307 1118 2371 werden“.
1155 2305 1198 2371 So

160 2430 238 2473 narn
252 2409 302 2472 oft
318 2409 370 2473 bei
393 2409 476 2473 cic.
494 2409 589 2473 Tusc.
613 2411 645 2490 4,
667 2410 709 2473 23
731 2408 811 2495 qnid
826 2408 955 2472 Achille
971 2407 1147 2473 Homerico
1171 2408 1219 2473 soe

163 2511 243 2596 qnid
267 2513 514 2594 Agamemnone
541 2513 574 2574 in
602 2512 733 2595 iurgio?
773 2533 848 2574 nam
872 2511 1005 2574 Aiacem
1034 2512 1164 2597 quidem
1195 2512 1219 2574 ir

162 2614 305 2675 furorem
322 2622 522 2698 mortemque
538 2613 700 2697 perduxit.
731 2636 782 2699 cp.
804 2613 847 2677 33
869 2610 945 2698 quid
971 2611 1011 2675 de
1027 2613 1179 2676 iuvenum
1202 2634 1219 2676 n

161 2714 277 2778 scribit
308 2713 465 2778 Alcaeus!
493 2736 568 2777 nam
601 2714 817 2778 Anacreontis
849 2713 980 2800 quidem
1013 2723 1082 2779 tota
1119 2715 1219 2800 poesia

162 2816 331 2879 amatoria.
368 2818 397 2899 ὃ,
422 2817 439 2879 ‘l
463 2838 535 2879 nam
574 2816 705 2880 Xerxes
730 2813 860 2902 quidem
885 2826 940 2880 cll.
985 2838 1017 2879 n.
1041 2816 1073 2880 d.
1097 2816 1170 2895 3,5
1202 2838 1219 2878 n

163 2928 294 2979 senatus
318 2918 501 2980 consultum
524 2918 565 2982 de
581 2917 713 2982 Vatinio
736 2917 854 2981 vides?
877 2940 951 2980 nam
976 2917 1016 2980 de
1040 2919 1145 3000 Sagra
1167 2915 1219 2981 Gn

163 3040 234 3080 rum
258 3019 355 3080 eliam
380 3031 430 3082 est
445 3018 581 3104 vulgare
603 3020 821 3105 proverbium.
852 3043 902 3106 cp.
926 3020 946 3082 (l
968 3041 1042 3082 nam
1067 3018 1172 3082 Fanni
1196 3044 1217 3084 r

162 3118 309 3202 equidem
345 3142 508 3206 nunquam
542 3120 666 3185 audiri.
713 3144 761 3209 cp.
783 3122 825 3185 24
859 3143 934 3184 num
962 3141 1076 3185 censes
1103 3122 1205 3204 igilur

162 3219 267 3285 liliorc
304 3221 427 3287 ratione
454 3244 535 3307 opus
565 3244 636 3286 esse
659 3221 702 3286 ad
725 3223 805 3286 haec
826 3221 1031 3286 refellenda?
1059 3244 1134 3285 nam
1157 3223 1219 3286 mer

161 3322 259 3387 iidem
284 3333 339 3387 clt.
376 3361 413 3370 -
445 3323 636 3388 Deutlicher
668 3324 712 3388 ist
745 3324 799 3387 die
832 3324 1025 3390 Praeteritio
1060 3348 1100 3387 zu
1134 3323 1219 3388 crker

162 3447 255 3487 wenn
286 3424 344 3488 der
367 3426 445 3490 Sala
474 3426 591 3489 heissl:
620 3426 727 3508 „denn
750 3449 842 3491 wozu
865 3425 925 3490 soll
947 3427 997 3490 ich
1021 3425 1205 3510 Folgendcs

162 3526 382 3590 erwa'lmenl‘*
427 3528 496 3592 cic.
519 3551 548 3612 p.
573 3530 657 3591 Sea.
681 3529 723 3591 44
753 3550 826 3591 nam
856 3527 934 3614 qnid
958 3549 1018 3612 ego
1047 3527 1089 3591 de
1111 3526 1216 3592 aedile

162 3626 303 3712 loquar?
325 3629 364 3692 61
389 3651 462 3692 nam
487 3630 564 3714 quid
589 3651 649 3714 ogo
674 3628 730 3693 illa
752 3628 793 3693 de
816 3652 866 3692 me
882 3629 996 3694 divina
1012 3639 1145 3694 senatus
1161 3651 1219 3693 con

97 3755 104 3768 ·
162 3728 435 3793 commemorem?
469 3731 531 3794 lllit
564 3732 637 3795 dem
672 3731 794 3795 Zweck
829 3731 889 3796 der
921 3731 1181 3817 Amplilication:
1210 3752 1220 3792 r

161 3853 237 3894 nam
261 3829 340 3916 qnid
365 3852 425 3915 ego
448 3832 488 3897 dc
505 3833 681 3919 supercilio
697 3833 816 3914 dicam,
840 3832 925 3919 quod
946 3843 1015 3896 tum
1033 3871 1069 3879 —
1087 3834 1206 3918 pignus

161 3930 362 3997 videbatur?
408 3932 496 3997 Lael
519 3934 570 4013 27,
597 3935 658 3997 104
680 3956 754 3998 narn
787 3935 865 4021 qnid
896 3955 956 4018 ego
979 3934 1021 3996 dc
1052 3935 1169 3998 studiis
1201 3932 1219 3997 d

161 4045 217 4098 ctt.
268 4032 309 4096 de
336 4056 383 4097 or.
411 4037 436 4112 l,
468 4036 562 4118 5,18
589 4058 664 4100 nem
697 4036 775 4122 qnid
805 4058 865 4121 ego
894 4037 935 4100 de
961 4038 1089 4101 actione
1118 4035 1189 4121 ipen
1216 4058 1219 4119 j

162 4134 294 4200 dicam?
317 4157 401 4221 quae
423 4148 511 4201 motu
535 4140 691 4225 corporis,
715 4147 913 4224 quaegesta
937 4148 993 4201 clt.

248 4237 345 4302 Sall.
369 4237 442 4302 Cet.
465 4239 517 4322 52,
541 4240 583 4304 34
604 4261 678 4303 nam
702 4238 780 4325 quid
803 4261 863 4323 ego
886 4239 928 4302 de
942 4239 1086 4304 Gabinio
1109 4241 1219 4325 -loq

163 4339 226 4402 Dic
254 4340 394 4424 iibrigcn
422 4340 621 4404 verkilrzlen
649 4339 769 4406 Stellen
800 4341 903 4405 haben
937 4340 1017 4404 aber
1048 4341 1202 4405 mcislens

163 4440 285 4505 andere
308 4441 422 4505 Form:
452 4440 522 4504 Cat.
545 4442 597 4520 58,
620 4441 663 4506 20
690 4463 763 4505 nam
793 4441 967 4507 multiludo
992 4443 1132 4507 hostium
1154 4452 1209 4507 etl.
