2948 4988
566 353 605 364 -
649 286 713 380 aas
752 353 796 366 .-

54 481 112 545 de
189 482 363 569 Liguribus
400 483 576 569 agebatur,
615 483 754 568 Ligures
788 521 830 531 -
862 483 1022 550 coloniam
1063 486 1169 571 ipsam
1203 506 1252 550 ce

52 594 237 665 Petunt·
494 630 515 665 ο

195 685 264 751 Nur
290 686 344 751 die
371 685 755 772 Gleiebzeitigkeit
782 686 896 752 beider
921 686 1142 773 Handlungcrr
1171 686 1253 752 wird

49 781 311 869 bezeicbnct,
331 788 447 853 nicht
466 788 521 853 die
541 786 673 873 langere
695 787 808 854 Daucr
829 788 889 854 der
909 787 1089 874 Handlung
1111 790 1168 853 des
1190 789 1253 853 No-

48 880 300 955 benarnae:
332 887 411 954 cic.
434 888 475 954 de
497 889 565 954 inv.
591 892 617 967 1,
641 889 663 953 2
683 887 748 954 fuit
770 890 936 977 quoddam
959 899 1102 977 tempus,
1125 910 1198 954 enm
1220 890 1254 954 in

48 986 200 1065 agris
225 990 372 1057 homines
398 1028 436 1040 —
459 992 667 1076 vagabantur
694 1000 751 1056 ett.
789 1014 822 1076 p.
846 990 979 1072 Quinet.
1006 993 1043 1056 17
1071 1001 1106 1056 tu
1133 993 1167 1056 in
1195 1002 1255 1056 tua

47 1100 115 1165 ΥΘ,
191 1112 260 1157 eum
288 1102 418 1179 tempus
447 1102 532 1176 erat,
560 1093 681 1158 oblitus
710 1114 753 1158 es.
797 1092 891 1161 Verr.
914 1091 960 1176 II,
992 1095 1019 1174 1,
1041 1093 1084 1157 43
1111 1094 1254 1157 maxime

49 1181 290 1276 offendisti,
317 1215 393 1258 cum
413 1231 456 1241 —
478 1193 685 1280 repudiabas.
723 1195 754 1278 3,
777 1194 820 1258 90
845 1194 902 1280 qui
932 1204 999 1258 tum
1028 1195 1152 1259 versati
1179 1206 1254 1259 sunt

49 1282 93 1346 5¹¹
128 1309 243 1379 rep,
264 1315 340 1359 cnm
363 1333 400 1343 -
423 1296 538 1381 optimi
559 1316 666 1361 mores
688 1304 791 1361 erant.
827 1295 990 1360 Unsichcr
1012 1296 1055 1360 ist
1076 1296 1106 1378 3,
1122 1295 1173 1375 92,
1190 1295 1254 1358 215

52 1401 173 1454 cum
213 1394 379 1463 malebant
411 1398 552 1483 (Baitert
585 1395 746 1481 mallent).
781 1397 812 1478 4,
840 1396 890 1475 62,
916 1398 986 1462 138.
1019 1396 1051 1478 5,
1074 1398 1114 1462 37
1145 1419 1252 1484 neque

53 1480 430 1582 Carthaginiensium
452 1536 493 1547 —
516 1497 650 1578 classes,
680 1519 753 1563 cum
781 1500 862 1561 mari
889 1496 1064 1583 plurimum
1092 1507 1252 1584 poterant,

56 1619 111 1633 ‘·
149 1614 313 1684 unquam
326 1599 506 1687 'adspirare
527 1610 713 1688 potuerunt.
751 1599 860 1664 deor.
885 1601 913 1683 1,
935 1600 977 1664 30
1003 1621 1066 1687 qua
1088 1600 1251 1683 quondam

59 1687 222 1764 solitus
244 1722 316 1765 sum
338 1703 398 1781 uti,
421 1723 495 1766 cnm
517 1701 598 1767 mihi
620 1739 662 1751 -
684 1700 813 1768 licebat.
858 1700 934 1766 Und
960 1703 1043 1766 noch
1065 1702 1108 1766 30
1129 1701 1252 1768 Stellen

64 1808 147 1858 aus
186 1800 304 1871 Cicero
326 1803 421 1888 giebt
442 1804 619 1870 Hoffmann
643 1802 677 1869 S.
698 1803 741 1867 99
766 1840 802 1850 -
829 1804 898 1867 101.

188 1903 298 1989 Virg.
322 1902 483 1982 ecl.10‚9
505 1907 562 1992 qui
584 1927 644 1969 vos
666 1903 769 1969 saltus
792 1904 945 1988 habuere,
968 1904 1096 1992 puellae
1117 1904 1252 1989 Naides,

73 1990 242 2089 indigno
263 2027 338 2071 eum
367 2004 485 2071 Gallus
513 2028 624 2072 amore
650 2004 805 2093 peribat?
842 2009 925 2072 Aen.
948 2008 979 2085 4,
1000 2009 1062 2072 597
1092 2017 1169 2072 tunc
1198 2008 1252 2071 dc·

78 2097 182 2187 tuit,
207 2098 436 2193 cem‘sceptra
458 2107 574 2174 (labae.
611 2107 804 2185 Tibulli,
831 2109 879 2186 10,
905 2108 1008 2173 ate.
1041 2108 1124 2173 Liv.
1148 2110 1177 2187 6,
1200 2109 1252 2192 40,
1298 2169 1307 2188 ,

84 2197 128 2262 Π
166 2205 271 2296 quale
299 2207 476 2274 Etruscum
504 2208 653 2296 (bellum)
680 2209 758 2293 fuit,
790 2231 863 2273 cum
898 2210 1036 2274 Porsina
1064 2209 1252 2274 ianiculum

10 2330 12 2335 ·
89 2296 237 2394 insede,
260 2307 358 2397 quale
380 2308 543 2376 Gallicum
566 2310 673 2395 modo,
697 2332 771 2376 eum
792 2320 923 2397 praeter
937 2309 1135 2396 Capitolium
1152 2320 1252 2396 atquc

94 2418 212 2475 ”cem
235 2411 345 2477 amnia
372 2411 452 2479 haee
479 2411 622 2478 hostiurn
645 2422 746 2478 eraut.
784 2414 813 2491 7,
836 2413 886 2491 32,
914 2413 952 2477 13
979 2412 1057 2496 fuit,
1085 2435 1160 2477 cum
1190 2414 1252 2476 boc

100 2499 172 2572 dici
194 2521 323 2600 poterat
345 2550 386 2563 -·-
406 2536 494 2579 nuno
523 2516 588 2580 iam
616 2525 672 2579 ctt
707 2513 973 2597 (Weissenbornz
998 2513 1075 2598 „die
1104 2514 1180 2581 Zeit
1207 2514 1253 2578 ist

105 2608 229 2698 vbrbci,
250 2618 352 2697 wo.“)
385 2615 437 2695 21,
462 2616 511 2696 18,
533 2617 565 2682 4.
1166 2607 1167 2610 “

190 2715 272 2781 Solu
294 2715 399 2783 seiten
421 2717 528 2783 haben
543 2717 741 2783 coordinirte
756 2717 1024 2804 Temporals‘atze
1047 2718 1251 2784 verschie-

62 2866 65 2871 .
112 2802 209 2881 (leue
237 2818 402 2905 Tempora
434 2817 494 2884 der
527 2819 810 2906 Vergangenheit,
839 2819 1015 2906 Imperfect
1042 2819 1110 2884 und
1137 2818 1250 2884 histor.

116 2902 244 2999 1'tricet
263 2921 301 3009 je
322 2920 406 2985 nach
428 2919 488 2984 der
508 2921 764 2987 verschiedenen
786 2923 922 2986 Dauer
944 2921 1004 2985 der
1024 2921 1059 2984 in
1080 2912 1180 2986 ilmen
1195 2920 1250 2984 bc-

119 3012 295 3088 ¹eiebneten
324 3021 562 3108 Handlungen:
597 3024 676 3088 Cic.
703 3047 733 3110 p.
757 3024 853 3088 domo
874 3026 926 3107 33,
949 3023 991 3087 90
1017 3044 1112 3109 quem
1135 3025 1251 3110 (popu-

119 3102 192 3200 lum)
211 3120 266 3190 illo
277 3123 534 3214 clarissimoudie
554 3125 669 3190 vidisti
692 3137 770 3209 tum,
786 3147 858 3190 cum
874 3147 1042 3192 omnes-
1059 3124 1250 3209 suffragium

10 3286 12 3293 .
118 3225 153 3271 ἢ
171 3238 227 3290 non
245 3225 289 3292 de
311 3227 411 3312 aivis,
433 3227 492 3292 sed
515 3226 558 3291 de
579 3227 724 3292 civitatis
747 3226 853 3293 salute
875 3220 961 3292 ferre
982 3228 1154 3306 censebant,
1176 3248 1250 3291 cum

120 3304 246 3411 lenique
271 3326 420 3394 bomines
448 3329 482 3393 in
516 3350 666 3415 eampum
697 3351 763 3395 non
794 3330 939 3394 tabernis
972 3328 1030 3394 sed
1063 3328 1250 3414 municipiis

10 3460 15 3485 ι
121 3404 399 3496 infirmarunt.
434 3429 545 3496 Caes.
562 3431 594 3495 b.
611 3452 639 3498 c.
654 3431 684 3510 2,
703 3433 739 3496 17
756 3442 870 3519 postea
885 3453 973 3516 vero,
989 3453 1063 3497 cum
1078 3431 1252 3496 Caesarem

120 3508 158 3577 “l
176 3521 349 3598 Massiliam
372 3532 513 3598 detineri
535 3536 675 3617 coenavit
697 3570 735 3582 -
759 3536 876 3617 occepit
896 3544 995 3621 atque
1017 3535 1097 3599 haec
1112 3532 1155 3597 ad
1178 3553 1251 3597 eum

162 3616 172 3632 ⁶
225 3642 323 3721 atque
343 3633 490 3701 inflatius
506 3635 665 3700 Afranius
683 3637 903 3720 perecribebat,
927 3659 961 3701 se
975 3657 1104 3723 quoque
1126 3634 1169 3700 ad
1183 3656 1250 3699 mo-

119 3712 169 3783 l⁰¹
185 3727 331 3801 fortunae
352 3738 479 3803 moveri
505 3738 624 3824 coepit.
668 3737 737 3801 Das
764 3738 943 3825 imperfect
970 3738 1160 3803 bezeichnet
1187 3737 1251 3802 den

121 3805 300 3903 Meihanden
333 3836 503 3904 Wortlaut
535 3837 593 3904 des
626 3839 859 3924 vorliegenden
890 3839 1083 3906 Schreibens
1113 3839 1250 3920 (Hoffm.

120 3905 227 4022 8’961
261 3937 420 4006 Dieeelbe
442 3939 678 4027 Tempusfolge
700 3941 754 4006 bei
775 3942 864 4007 Tac.
886 3965 963 4007 ann.
990 3943 1037 4024 15,
1059 3941 1111 4005 54.
1152 3939 1250 4006 Sonat

69 4108 73 4115 ,
120 4006 194 4098 fiblt
211 4040 261 4106 bei
281 4041 419 4107 Tacitus
441 4042 501 4107 das
524 4044 660 4130 Imperi.
683 4043 767 4109 nach
788 4046 925 4111 cautim
948 4043 1158 4110 Vordersata.
1230 4064 1236 4077 ·

194 4138 300 4210 Setbst
323 4144 361 4209 in
386 4144 614 4211 indirecter
645 4145 737 4211 Rode
771 4147 872 4212 bleibt
905 4146 963 4211 der
994 4144 1159 4210 Indicativ
1190 4143 1250 4208 des

230 4248 504 4331 .unverttndert,
532 4270 627 4314 wenn
653 4247 708 4313 die
730 4249 1027 4333 Zeitbestimmung
1055 4246 1104 4311 als
1132 4245 1248 4311 selbst-

10 4374 23 4419 ι
80 4392 84 4401 ·
128 4332 249 4436 ng,
272 4349 388 4415 nicht
409 4350 469 4415 der
483 4349 662 4436 Handlung
678 4352 736 4416 des
753 4349 975 4439 Hauptsatzes
995 4350 1249 4435 untergeordnet

131 4442 294 4521 Wleiuen
316 4452 396 4520 soll:
425 4452 507 4521 Cic.
524 4477 555 4541 p.
572 4452 667 4519 Gaea.
687 4456 730 4520 29
752 4455 780 4518 si
801 4455 844 4520 ad
867 4453 1032 4520 interdicti
1055 4453 1249 4519 sententiam
