2924 4994
604 299 835 365 „263-

160 475 321 554 postquam
343 490 403 554 pro
425 488 463 533 eo
485 476 523 532 ut
544 468 611 554 ipsi
634 490 675 532 ex
698 467 804 532 alieno
821 489 900 552 agro
915 476 1067 554 raperent
1080 475 1290 553 agerentque,
1413 484 1415 488 ⁴

158 589 240 632 suas
256 578 351 634 terras
375 567 485 634 aedem
509 568 586 635 belli
609 591 688 652 esse,
702 608 743 616 —
765 570 928 635 viderunt.

246 670 270 733 4.
297 670 361 735 Die
382 670 619 758 Impersonalia
641 672 726 754 potis
748 676 805 749 est,
836 675 920 755 potis
946 673 1012 736 und
1041 671 1098 734 im¹
1115 672 1291 756 Fragesatz

149 772 250 850 potu
269 771 378 837 stehen
405 773 466 837 mit
487 779 523 839 ut
544 782 624 838 statt
643 775 715 857 ficri
731 778 845 857 potest,
879 773 959 838 aber
979 794 1043 836 nur
1064 772 1117 837 bei
1140 772 1204 837 den
1226 773 1293 837 Ko-

155 870 293 955 mikem,
314 896 373 938 aus
396 873 502 940 denen
519 873 639 940 Holtze
654 875 689 940 ΙΙ
712 874 744 940 S.
762 875 820 940 157
844 874 1027 959 Folgendes
1044 875 1149 959 giebt:
1172 875 1291 939 Bacch.

156 969 208 1032 35
237 974 258 1037 si
278 974 334 1041 hoc
360 977 446 1062 potis
473 985 523 1041 est
551 986 588 1041 ut
615 985 651 1040 tu
678 984 799 1041 taceas.
843 975 962 1040 Pseud.
985 976 1047 1040 633
1068 978 1155 1062 potis
1178 985 1215 1040 ut
1237 975 1293 1040 alii

157 1067 216 1132 ita
236 1075 428 1142 arbitrentur.
474 1078 594 1165 Amph.
617 1078 647 1160 3,
663 1077 693 1159 2,
710 1077 752 1141 22
773 1078 865 1164 potin
888 1088 924 1142 ut
945 1079 1111 1142 abstineas
1135 1076 1292 1141 manum?

157 1167 254 1239 Pers.
270 1177 325 1242 287
349 1179 442 1264 potin
463 1189 500 1244 ut
522 1178 678 1244 molestus
700 1200 741 1242 ne
764 1177 855 1242 sies?
892 1178 1052 1243 Derselbe
1075 1179 1167 1243 Sata:
1192 1178 1292 1243 Mero.

160 1267 304 1343 mund
324 1279 424 1346 Troo.
446 1282 467 1346 5
489 1302 522 1345 r.
545 1282 575 1348 5.
619 1280 737 1345 Pseud.
760 1280 824 1344 940
851 1282 941 1364 potin
964 1289 1001 1344 ut
1022 1280 1154 1345 tarem?
1197 1279 1292 1343 Auch

159 1366 260 1442 Poen,
277 1381 304 1463 4,
325 1381 358 1464 2,
379 1381 430 1447 94.
476 1381 594 1446 Bacch.
620 1383 680 1446 751
709 1383 802 1466 potin
829 1391 866 1446 ut
893 1403 986 1446 cures
1014 1393 1046 1447 te
1075 1392 1173 1468 atque
1194 1391 1230 1445 ut
1253 1404 1293 1445 ne

159 1488 269 1552 Parcas
299 1481 403 1547 mibi?
446 1483 532 1548 Ter.
556 1483 625 1564 Ad.
647 1485 687 1566 4,·
703 1485 731 1565 1,
754 1484 795 1548 23
828 1485 921 1568 potin
948 1492 985 1548 ut
1013 1482 1167 1548 desinas?
1212 1483 1295 1546 Sehr

160 1570 261 1644 selten
281 1584 323 1648 ist
343 1584 397 1649 bei
421 1583 540 1649 beiden
562 1583 744 1649 Komikern
768 1584 827 1649 der
848 1584 996 1650 Infinitiv
1018 1584 1100 1650 nach
1124 1583 1198 1648 dem
1220 1605 1292 1671 per·

162 1676 318 1748 sontichen
340 1683 548 1772 Hauptsatze
564 1688 657 1767 potia
679 1706 720 1751 es.
1384 1676 1387 1681 Δ

246 1784 269 1848 5.
287 1785 350 1850 Die
372 1787 719 1873 unpersbnlichen
743 1788 958 1874 Hauptsttze‚
982 1787 1106 1853 welche
1128 1787 1293 1853 bedenteu

165 1884 352 1973 „esfolgt
375 1887 539 1969 claraus,
572 1888 641 1953 das
664 1887 872 1974 Folgonde
900 1890 970 1969 ist,
1004 1913 1044 1954 es
1068 1892 1292 1976 eriibrigt“‚

165 1983 285 2086 'serdcu
309 1987 376 2054 last
402 1991 519 2054 immor
540 1992 600 2056 mit
621 1996 664 2059 at.
677 1992 887 2073 verbunden,
921 1992 1074 2057 kommen
1097 1994 1190 2074 aber,
1218 1991 1293 2056 weil

166 2091 215 2140 suo
240 2086 302 2153 dem
327 2090 585 2157 rasonnirenden
609 2093 689 2157 Stile
718 2093 919 2179 eugobium,
953 2103 1020 2158 erst
1041 2095 1076 2158 in
1098 2095 1155 2158 der
1178 2095 1292 2158 klassi-

167 2175 257 2252 when
275 2191 375 2257 Prosa
396 2193 463 2257 auf.

245 2290 386 2375 chsstar
407 2293 496 2360 steht
518 2293 585 2360 viel
607 2297 754 2382 hbufiger
777 2299 836 2361 mit
857 2303 893 2362 ut
914 2296 962 2360 als
987 2297 1047 2360 mit
1068 2296 1143 2360 dem
1165 2294 1292 2382 logisch

167 2387 303 2459 meinans
336 2397 562 2482 berecbtigten
590 2398 706 2461 Aecus.
735 2421 763 2463 c.
793 2398 852 2462 inf.
903 2396 945 2463 So
980 2399 1033 2462 bei
1061 2398 1141 2462 Cic.
1165 2397 1292 2461 Phil.2

166 2475 192 2554 l·
209 2490 247 2557 31
265 2500 411 2585 sequitur
433 2509 471 2564 ut
493 2497 683 2564 liberatores
707 2509 761 2564 tuo
786 2498 907 2563 iudicio
931 2498 1015 2584 (scil.
1031 2500 1124 2581 sint.)
1148 2498 1202 2562 fm.
1219 2500 1254 2582 2,
1274 2500 1293 2563 8

165 2597 223 2654 ¹²00
241 2600 320 2663 enim
343 2601 492 2686 sequitur
513 2610 566 2684 ut,
590 2603 642 2665 cui
664 2623 720 2666 cor
742 2601 862 2686 sapiat,
887 2602 917 2665 ei
939 2624 1004 2666 non
1027 2602 1134 2687 sapiat
1156 2599 1293 2686 palatus.

165 2676 202 2749 de
223 2698 282 2765 lato
306 2701 357 2783 12,
373 2701 414 2765 28
437 2702 466 2766 si
487 2702 549 2767 hoc
572 2704 773 2767 enuntiatum
791 2740 828 2749 —
845 2723 960 2766 verum
981 2712 1123 2779 nonest,
1148 2704 1295 2788 sequitur

165 2796 195 2851 lt
224 2799 333 2866 falsum
363 2803 416 2867 sit.
462 2804 552 2867 Aber
574 2803 656 2868 kurz
679 2803 798 2869 verber
820 2802 908 2869 steht
930 2806 963 2867 in
986 2803 1173 2869 demselben
1197 2804 1293 2868 Para-

164 2901 312 2984 staphes:
351 2926 412 2969 nec
444 2941 485 2951 ——
518 2907 665 2992 sequitur
697 2903 783 2969 illico
818 2928 889 2970 esse
918 2928 1032 2970 causas
1064 2905 1293 2970 immutabiles.

164 2984 269 3068 luders
295 3005 339 3069 ist
366 3006 468 3091 grado
495 3006 585 3072 diese
608 3007 842 3072 Construction
864 3008 924 3071 mit
947 3008 1019 3072 dem
1043 3008 1160 3072 Aecus.
1185 3031 1212 3072 c.
1236 3007 1294 3071 inf.

164 3106 412 3185 ungewohnlich.
633 3119 635 3122 ⁴

241 3207 276 3271 In
298 3209 418 3293 obigeu
441 3208 565 3275 Stellen
593 3211 701 3276 diente
722 3215 862 3293 sequitur
884 3216 919 3277 ut
941 3234 1000 3275 zur
1022 3213 1213 3296 Einleitung
1236 3211 1295 3274 dor

168 3293 479 3395 Schlussfolgerung3
513 3312 701 3377 ausscrdem
729 3312 834 3377 bildet
863 3335 896 3376 es
920 3314 991 3377 eine
1014 3313 1294 3398 Uebergangs·

172 3395 295 3474 formet
323 3411 357 3476 in
387 3413 446 3476 der
468 3413 663 3492 Partitio,
696 3439 725 3478 z.
748 3416 786 3479 B.
815 3415 896 3480 Cic.
920 3424 999 3479 orat.
1022 3416 1063 3479 23
1092 3417 1239 3501 sequitur
1260 3426 1296 3479 ut

177 3505 309 3597 cuiusque
340 3517 471 3598 generis
504 3524 583 3581 nota
617 3526 791 3602 quaeratur
824 3526 857 3580 et
884 3516 1034 3580 formula.
1078 3518 1117 3581 57
1150 3517 1295 3602 sequitur

182 3619 240 3690 ergo
257 3623 288 3678 ut
310 3653 350 3664 -
372 3613 552 3680 ‘videndum
575 3619 627 3681 sit.
657 3619 708 3681 off.
735 3620 762 3699 1,
778 3618 818 3682 27
843 3619 991 3703 sequitur
1013 3627 1048 3682 ut
1064 3656 1105 3666 -
1121 3617 1293 3682 dicendum

187 3703 223 3770 lli·
257 3713 330 3779 Hier
358 3716 446 3782 steht
476 3718 611 3781 niemals
640 3717 697 3781 der
725 3718 872 3783 Inlinitiv
901 3742 1013 3784 ausser
1035 3721 1078 3783 im
1102 3718 1294 3804 Spatlatein,

192 3807 233 3872 tle
249 3814 326 3903 Dig,
348 3819 401 3903 41,
417 3820 484 3901 3,4
505 3821 705 3905 sequitur-
724 3819 841 3884 dicere.
874 3821 934 3884 Bei
959 3820 1185 3900 Quintilian
1208 3821 1294 3885 steht

196 3914 296 3988 wodor
325 3924 360 3984 ul
395 3922 430 3983 in
467 3919 524 3984 der
558 3920 770 4005 Bedeutung:
814 3945 877 4003 „es
915 3923 961 3987 ist
997 3923 1049 3986 die
1082 3921 1293 4006 (uatfirliche)

200 4000 299 4101 llige&
332 4022 393 4085 wie
422 4022 452 4099 3,
473 4022 502 4100 8,
525 4023 566 4085 23
601 4023 745 4108 sequitur
773 4034 809 4087 ut
837 4023 897 4087 hoc
926 4022 1133 4088 subiiciatur:
1173 4024 1292 4110 alioqui
1329 4019 1341 4041 ¹

202 4119 352 4186 reundum
377 4133 436 4185 est.
464 4121 494 4201 6,
509 4122 540 4204 5,
558 4123 576 4185 8
599 4146 674 4187 nam
697 4134 730 4187 et
751 4124 864 4188 faciles
887 4124 1004 4188 habuit
1017 4145 1110 4187 aures
1127 4124 1294 4210 (populus)

205 4215 225 4267 tl
241 4227 333 4285 ustura
360 4222 558 4308 sequebatur
585 4235 621 4288 ut
650 4224 785 4290 meliora
813 4227 986 4312 probantes
1015 4225 1161 4308 peiorum
1185 4227 1293 4311 paeni-

205 4312 266 4376 lllli·
283 4356 316 4368 -
337 4322 446 4387 Seiten
469 4326 512 4388 ist
534 4325 631 4389 daliir

262 4416 435 4506 firmequeas
456 4431 501 4491 est
527 4428 586 4490 mit
607 4433 656 4506 ut,
686 4428 740 4492 bei
763 4428 905 4492 Cicero
929 4451 990 4492 nur
1012 4428 1077 4491 ein
1100 4428 1179 4493 Mal:
1211 4430 1295 4515 legg.
